@inbook{RN2283,
   booktitle = {Gulf War and Health, Volume 9: Long-Term Effects of Blast Exposures},
   address = {Washington (DC)},
   ISBN = {9780309267649
0309267641},
   DOI = {10.17226/18253},
   url = {https://www.ncbi.nlm.nih.gov/pubmed/24872971},
   year = {2014},
   type = {Book Section}
}

@article{RN68,
   author = {Adjeroh, D. and Zhang, Y. and Mukherjee, A. and Powell, M. and Bell, T.},
   title = {DNA sequence compression using the burrows-wheeler transform},
   journal = {Proc IEEE Comput Soc Bioinform Conf},
   volume = {1},
   pages = {303-13},
   ISSN = {1555-3930 (Print)
1555-3930 (Linking)},
   url = {https://www.ncbi.nlm.nih.gov/pubmed/15838146},
   year = {2002},
   type = {Journal Article}
}

@article{RN87,
   author = {Agg, B. and Csaszar, A. and Szalay-Beko, M. and Veres, D. V. and Mizsei, R. and Ferdinandy, P. and Csermely, P. and Kovacs, I. A.},
   title = {The EntOptLayout Cytoscape plug-in for the efficient visualization of major protein complexes in protein-protein interaction and signalling networks},
   journal = {Bioinformatics},
   volume = {35},
   number = {21},
   pages = {4490-4492},
   ISSN = {1367-4811 (Electronic)
1367-4803 (Linking)},
   DOI = {10.1093/bioinformatics/btz257},
   url = {https://www.ncbi.nlm.nih.gov/pubmed/31004478},
   year = {2019},
   type = {Journal Article}
}

@article{RN166,
   author = {Alcaraz, N. and Pauling, J. and Batra, R. and Barbosa, E. and Junge, A. and Christensen, A. G. and Azevedo, V. and Ditzel, H. J. and Baumbach, J.},
   title = {KeyPathwayMiner 4.0: condition-specific pathway analysis by combining multiple omics studies and networks with Cytoscape},
   journal = {BMC Syst Biol},
   volume = {8},
   pages = {99},
   ISSN = {1752-0509 (Electronic)
1752-0509 (Linking)},
   DOI = {10.1186/s12918-014-0099-x},
   url = {https://www.ncbi.nlm.nih.gov/pubmed/25134827},
   year = {2014},
   type = {Journal Article}
}

@article{RN122,
   author = {Almeida, D. and Azevedo, V. and Silva, A. and Baumbach, J.},
   title = {PetriScape - A plugin for discrete Petri net simulations in Cytoscape},
   journal = {J Integr Bioinform},
   volume = {13},
   number = {1},
   pages = {284},
   ISSN = {1613-4516 (Electronic)
1613-4516 (Linking)},
   DOI = {10.2390/biecoll-jib-2016-284},
   url = {https://www.ncbi.nlm.nih.gov/pubmed/27402693},
   year = {2016},
   type = {Journal Article}
}

@article{RN2995,
   author = {Anonye, B. O.},
   title = {Commentary: Bacteriophage transfer during faecal microbiota transplantation in Clostridium difficile infection is associated with treatment outcome},
   journal = {Front Cell Infect Microbiol},
   volume = {8},
   pages = {104},
   ISSN = {2235-2988 (Electronic)
2235-2988 (Linking)},
   DOI = {10.3389/fcimb.2018.00104},
   url = {https://www.ncbi.nlm.nih.gov/pubmed/29670863},
   year = {2018},
   type = {Journal Article}
}

@article{RN2987,
   author = {Antipov, D. and Raiko, M. and Lapidus, A. and Pevzner, P. A.},
   title = {Metaviral SPAdes: assembly of viruses from metagenomic data},
   journal = {Bioinformatics},
   volume = {36},
   number = {14},
   pages = {4126-4129},
   ISSN = {1367-4811 (Electronic)
1367-4803 (Linking)},
   DOI = {10.1093/bioinformatics/btaa490},
   url = {https://www.ncbi.nlm.nih.gov/pubmed/32413137},
   year = {2020},
   type = {Journal Article}
}

@article{RN186,
   author = {Antoniotti, M. and Bader, G. D. and Caravagna, G. and Crippa, S. and Graudenzi, A. and Mauri, G.},
   title = {GESTODIFFERENT: a Cytoscape plugin for the generation and the identification of gene regulatory networks describing a stochastic cell differentiation process},
   journal = {Bioinformatics},
   volume = {29},
   number = {4},
   pages = {513-4},
   ISSN = {1367-4811 (Electronic)
1367-4803 (Linking)},
   DOI = {10.1093/bioinformatics/bts726},
   url = {https://www.ncbi.nlm.nih.gov/pubmed/23292740},
   year = {2013},
   type = {Journal Article}
}

@article{RN232,
   author = {Ashkenazi, M. and Bader, G. D. and Kuchinsky, A. and Moshelion, M. and States, D. J.},
   title = {Cytoscape ESP: simple search of complex biological networks},
   journal = {Bioinformatics},
   volume = {24},
   number = {12},
   pages = {1465-6},
   ISSN = {1367-4811 (Electronic)
1367-4803 (Linking)},
   DOI = {10.1093/bioinformatics/btn208},
   url = {https://www.ncbi.nlm.nih.gov/pubmed/18445605},
   year = {2008},
   type = {Journal Article}
}

@article{RN206,
   author = {Audenaert, P. and Van Parys, T. and Brondel, F. and Pickavet, M. and Demeester, P. and Van de Peer, Y. and Michoel, T.},
   title = {CyClus3D: a Cytoscape plugin for clustering network motifs in integrated networks},
   journal = {Bioinformatics},
   volume = {27},
   number = {11},
   pages = {1587-8},
   ISSN = {1367-4811 (Electronic)
1367-4803 (Linking)},
   DOI = {10.1093/bioinformatics/btr182},
   url = {https://www.ncbi.nlm.nih.gov/pubmed/21478195},
   year = {2011},
   type = {Journal Article}
}

@article{RN193,
   author = {Bachman, B. J. and Venner, E. and Lua, R. C. and Erdin, S. and Lichtarge, O.},
   title = {ETAscape: analyzing protein networks to predict enzymatic function and substrates in Cytoscape},
   journal = {Bioinformatics},
   volume = {28},
   number = {16},
   pages = {2186-8},
   ISSN = {1367-4811 (Electronic)
1367-4803 (Linking)},
   DOI = {10.1093/bioinformatics/bts331},
   url = {https://www.ncbi.nlm.nih.gov/pubmed/22689386},
   year = {2012},
   type = {Journal Article}
}

@article{RN54,
   author = {Baier, U. and Beller, T. and Ohlebusch, E.},
   title = {Graphical pan-genome analysis with compressed suffix trees and the Burrows-Wheeler transform},
   journal = {Bioinformatics},
   volume = {32},
   number = {4},
   pages = {497-504},
   ISSN = {1367-4811 (Electronic)
1367-4803 (Linking)},
   DOI = {10.1093/bioinformatics/btv603},
   url = {https://www.ncbi.nlm.nih.gov/pubmed/26504144},
   year = {2016},
   type = {Journal Article}
}

@article{RN239,
   author = {Barsky, A. and Gardy, J. L. and Hancock, R. E. and Munzner, T.},
   title = {Cerebral: a Cytoscape plugin for layout of and interaction with biological networks using subcellular localization annotation},
   journal = {Bioinformatics},
   volume = {23},
   number = {8},
   pages = {1040-2},
   ISSN = {1367-4811 (Electronic)
1367-4803 (Linking)},
   DOI = {10.1093/bioinformatics/btm057},
   url = {https://www.ncbi.nlm.nih.gov/pubmed/17309895},
   year = {2007},
   type = {Journal Article}
}

@article{RN125,
   author = {Baryshnikova, A.},
   title = {Exploratory Analysis of Biological Networks through Visualization, Clustering, and Functional Annotation in Cytoscape},
   journal = {Cold Spring Harb Protoc},
   volume = {2016},
   number = {6},
   ISSN = {1559-6095 (Electronic)
1559-6095 (Linking)},
   DOI = {10.1101/pdb.prot077644},
   url = {https://www.ncbi.nlm.nih.gov/pubmed/26988373},
   year = {2016},
   type = {Journal Article}
}

@article{RN2918,
   author = {Basson, A. R. and Gomez-Nguyen, A. and Menghini, P. and Butto, L. F. and Di Martino, L. and Aladyshkina, N. and Osme, A. and LaSalla, A. and Fischer, D. and Ezeji, J. C. and Erkkila, H. L. and Brennan, C. J. and Lam, M. and Rodriguez-Palacios, A. and Cominelli, F.},
   title = {Human Gut Microbiome Transplantation in Ileitis Prone Mice: A Tool for the Functional Characterization of the Microbiota in Inflammatory Bowel Disease Patients},
   journal = {Inflamm Bowel Dis},
   volume = {26},
   number = {3},
   pages = {347-359},
   ISSN = {1536-4844 (Electronic)
1078-0998 (Linking)},
   DOI = {10.1093/ibd/izz242},
   url = {https://www.ncbi.nlm.nih.gov/pubmed/31750921},
   year = {2020},
   type = {Journal Article}
}

@article{RN2974,
   author = {Baudry, L. and Foutel-Rodier, T. and Thierry, A. and Koszul, R. and Marbouty, M.},
   title = {MetaTOR: A Computational Pipeline to Recover High-Quality Metagenomic Bins From Mammalian Gut Proximity-Ligation (meta3C) Libraries},
   journal = {Front Genet},
   volume = {10},
   pages = {753},
   ISSN = {1664-8021 (Print)
1664-8021 (Linking)},
   DOI = {10.3389/fgene.2019.00753},
   url = {https://www.ncbi.nlm.nih.gov/pubmed/31481973},
   year = {2019},
   type = {Journal Article}
}

@article{RN178,
   author = {Bauer-Mehren, A.},
   title = {Integration of genomic information with biological networks using Cytoscape},
   journal = {Methods Mol Biol},
   volume = {1021},
   pages = {37-61},
   ISSN = {1940-6029 (Electronic)
1064-3745 (Linking)},
   DOI = {10.1007/978-1-62703-450-0_3},
   url = {https://www.ncbi.nlm.nih.gov/pubmed/23715979},
   year = {2013},
   type = {Journal Article}
}

@article{RN214,
   author = {Bauer-Mehren, A. and Rautschka, M. and Sanz, F. and Furlong, L. I.},
   title = {DisGeNET: a Cytoscape plugin to visualize, integrate, search and analyze gene-disease networks},
   journal = {Bioinformatics},
   volume = {26},
   number = {22},
   pages = {2924-6},
   ISSN = {1367-4811 (Electronic)
1367-4803 (Linking)},
   DOI = {10.1093/bioinformatics/btq538},
   url = {https://www.ncbi.nlm.nih.gov/pubmed/20861032},
   year = {2010},
   type = {Journal Article}
}

@article{RN234,
   author = {Baumbach, J. and Apeltsin, L.},
   title = {Linking Cytoscape and the corynebacterial reference database CoryneRegNet},
   journal = {BMC Genomics},
   volume = {9},
   pages = {184},
   ISSN = {1471-2164 (Electronic)
1471-2164 (Linking)},
   DOI = {10.1186/1471-2164-9-184},
   url = {https://www.ncbi.nlm.nih.gov/pubmed/18426593},
   year = {2008},
   type = {Journal Article}
}

@article{RN2992,
   author = {Beitel, C. W. and Froenicke, L. and Lang, J. M. and Korf, I. F. and Michelmore, R. W. and Eisen, J. A. and Darling, A. E.},
   title = {Strain- and plasmid-level deconvolution of a synthetic metagenome by sequencing proximity ligation products},
   journal = {PeerJ},
   volume = {2},
   pages = {e415},
   ISSN = {2167-8359 (Print)
2167-8359 (Linking)},
   DOI = {10.7717/peerj.415},
   url = {https://www.ncbi.nlm.nih.gov/pubmed/24918035},
   year = {2014},
   type = {Journal Article}
}

@article{RN2899,
   author = {Bengtson, S.},
   title = {Palaeontology: A little Kraken wakes},
   journal = {Nature},
   volume = {465},
   number = {7297},
   pages = {427-8},
   ISSN = {1476-4687 (Electronic)
0028-0836 (Linking)},
   DOI = {10.1038/465427a},
   url = {https://www.ncbi.nlm.nih.gov/pubmed/20505713},
   year = {2010},
   type = {Journal Article}
}

@article{RN2994,
   author = {Benler, S. and Yutin, N. and Antipov, D. and Rayko, M. and Shmakov, S. and Gussow, A. B. and Pevzner, P. and Koonin, E. V.},
   title = {Thousands of previously unknown phages discovered in whole-community human gut metagenomes},
   journal = {Microbiome},
   volume = {9},
   number = {1},
   pages = {78},
   ISSN = {2049-2618 (Electronic)
2049-2618 (Linking)},
   DOI = {10.1186/s40168-021-01017-w},
   url = {https://www.ncbi.nlm.nih.gov/pubmed/33781338},
   year = {2021},
   type = {Journal Article}
}

@article{RN2928,
   author = {Best, A. A. and Porter, A. L. and Fraley, S. M. and Fraley, G. S.},
   title = {Characterization of Gut Microbiome Dynamics in Developing Pekin Ducks and Impact of Management System},
   journal = {Front Microbiol},
   volume = {7},
   pages = {2125},
   ISSN = {1664-302X (Print)
1664-302X (Linking)},
   DOI = {10.3389/fmicb.2016.02125},
   url = {https://www.ncbi.nlm.nih.gov/pubmed/28101086},
   year = {2016},
   type = {Journal Article}
}

@article{RN15,
   author = {Bickhart, Derek M. and Kolmogorov, Mikhail and Tseng, Elizabeth and Portik, Daniel M. and Korobeynikov, Anton and Tolstoganov, Ivan and Uritskiy, Gherman and Liachko, Ivan and Sullivan, Shawn T. and Shin, Sung Bong and Zorea, Alvah and Andreu, Victòria Pascal and Panke-Buisse, Kevin and Medema, Marnix H. and Mizrahi, Itzik and Pevzner, Pavel A. and Smith, Timothy P. L.},
   title = {Generation of lineage-resolved complete metagenome-assembled genomes by precision phasing},
   journal = {bioRxiv},
   pages = {2021.05.04.442591},
   DOI = {10.1101/2021.05.04.442591},
   url = {http://biorxiv.org/content/early/2021/05/04/2021.05.04.442591.abstract},
   year = {2021},
   type = {Journal Article}
}

@article{RN2984,
   author = {Bickhart, D. M. and Watson, M. and Koren, S. and Panke-Buisse, K. and Cersosimo, L. M. and Press, M. O. and Van Tassell, C. P. and Van Kessel, J. A. S. and Haley, B. J. and Kim, S. W. and Heiner, C. and Suen, G. and Bakshy, K. and Liachko, I. and Sullivan, S. T. and Myer, P. R. and Ghurye, J. and Pop, M. and Weimer, P. J. and Phillippy, A. M. and Smith, T. P. L.},
   title = {Assignment of virus and antimicrobial resistance genes to microbial hosts in a complex microbial community by combined long-read assembly and proximity ligation},
   journal = {Genome Biol},
   volume = {20},
   number = {1},
   pages = {153},
   ISSN = {1474-760X (Electronic)
1474-7596 (Linking)},
   DOI = {10.1186/s13059-019-1760-x},
   url = {https://www.ncbi.nlm.nih.gov/pubmed/31375138},
   year = {2019},
   type = {Journal Article}
}

@article{RN183,
   author = {Bindea, G. and Galon, J. and Mlecnik, B.},
   title = {CluePedia Cytoscape plugin: pathway insights using integrated experimental and in silico data},
   journal = {Bioinformatics},
   volume = {29},
   number = {5},
   pages = {661-3},
   ISSN = {1367-4811 (Electronic)
1367-4803 (Linking)},
   DOI = {10.1093/bioinformatics/btt019},
   url = {https://www.ncbi.nlm.nih.gov/pubmed/23325622},
   year = {2013},
   type = {Journal Article}
}

@article{RN225,
   author = {Bindea, G. and Mlecnik, B. and Hackl, H. and Charoentong, P. and Tosolini, M. and Kirilovsky, A. and Fridman, W. H. and Pages, F. and Trajanoski, Z. and Galon, J.},
   title = {ClueGO: a Cytoscape plug-in to decipher functionally grouped gene ontology and pathway annotation networks},
   journal = {Bioinformatics},
   volume = {25},
   number = {8},
   pages = {1091-3},
   ISSN = {1367-4811 (Electronic)
1367-4803 (Linking)},
   DOI = {10.1093/bioinformatics/btp101},
   url = {https://www.ncbi.nlm.nih.gov/pubmed/19237447},
   year = {2009},
   type = {Journal Article}
}

@article{RN2981,
   author = {Boeckaerts, D. and Stock, M. and Criel, B. and Gerstmans, H. and De Baets, B. and Briers, Y.},
   title = {Predicting bacteriophage hosts based on sequences of annotated receptor-binding proteins},
   journal = {Sci Rep},
   volume = {11},
   number = {1},
   pages = {1467},
   ISSN = {2045-2322 (Electronic)
2045-2322 (Linking)},
   DOI = {10.1038/s41598-021-81063-4},
   url = {https://www.ncbi.nlm.nih.gov/pubmed/33446856},
   year = {2021},
   type = {Journal Article}
}

@article{RN46,
   author = {Bonizzoni, P. and Della Vedova, G. and Pirola, Y. and Previtali, M. and Rizzi, R.},
   title = {Multithread Multistring Burrows-Wheeler Transform and Longest Common Prefix Array},
   journal = {J Comput Biol},
   volume = {26},
   number = {9},
   pages = {948-961},
   ISSN = {1557-8666 (Electronic)
1066-5277 (Linking)},
   DOI = {10.1089/cmb.2018.0230},
   url = {https://www.ncbi.nlm.nih.gov/pubmed/31140836},
   year = {2019},
   type = {Journal Article}
}

@article{RN182,
   author = {Bonnet, E. and Calzone, L. and Rovera, D. and Stoll, G. and Barillot, E. and Zinovyev, A.},
   title = {BiNoM 2.0, a Cytoscape plugin for accessing and analyzing pathways using standard systems biology formats},
   journal = {BMC Syst Biol},
   volume = {7},
   pages = {18},
   ISSN = {1752-0509 (Electronic)
1752-0509 (Linking)},
   DOI = {10.1186/1752-0509-7-18},
   url = {https://www.ncbi.nlm.nih.gov/pubmed/23453054},
   year = {2013},
   type = {Journal Article}
}

@article{RN205,
   author = {Bot, J. J. and Reinders, M. J.},
   title = {CytoscapeRPC: a plugin to create, modify and query Cytoscape networks from scripting languages},
   journal = {Bioinformatics},
   volume = {27},
   number = {17},
   pages = {2451-2},
   ISSN = {1367-4811 (Electronic)
1367-4803 (Linking)},
   DOI = {10.1093/bioinformatics/btr388},
   url = {https://www.ncbi.nlm.nih.gov/pubmed/21712249},
   year = {2011},
   type = {Journal Article}
}

@article{RN113,
   author = {Brandenburg, M. D. and Garcia-Milian, R.},
   title = {Interinstitutional collaboration for end-user bioinformatics training: Cytoscape as a case study},
   journal = {J Med Libr Assoc},
   volume = {105},
   number = {2},
   pages = {179-184},
   ISSN = {1558-9439 (Electronic)
1536-5050 (Linking)},
   DOI = {10.5195/jmla.2017.224},
   url = {https://www.ncbi.nlm.nih.gov/pubmed/28377683},
   year = {2017},
   type = {Journal Article}
}

@article{RN2944,
   author = {Brum, J. R. and Sullivan, M. B.},
   title = {Rising to the challenge: accelerated pace of discovery transforms marine virology},
   journal = {Nat Rev Microbiol},
   volume = {13},
   number = {3},
   pages = {147-59},
   ISSN = {1740-1534 (Electronic)
1740-1526 (Linking)},
   DOI = {10.1038/nrmicro3404},
   url = {https://www.ncbi.nlm.nih.gov/pubmed/25639680},
   year = {2015},
   type = {Journal Article}
}

@article{RN2939,
   author = {Bruno, A. and Sandionigi, A. and Bernasconi, M. and Panio, A. and Labra, M. and Casiraghi, M.},
   title = {Changes in the Drinking Water Microbiome: Effects of Water Treatments Along the Flow of Two Drinking Water Treatment Plants in a Urbanized Area, Milan (Italy)},
   journal = {Front Microbiol},
   volume = {9},
   pages = {2557},
   ISSN = {1664-302X (Print)
1664-302X (Linking)},
   DOI = {10.3389/fmicb.2018.02557},
   url = {https://www.ncbi.nlm.nih.gov/pubmed/30429832},
   year = {2018},
   type = {Journal Article}
}

@article{RN103,
   author = {Brysbaert, G. and Lorgouilloux, K. and Vranken, W. F. and Lensink, M. F.},
   title = {RINspector: a Cytoscape app for centrality analyses and DynaMine flexibility prediction},
   journal = {Bioinformatics},
   volume = {34},
   number = {2},
   pages = {294-296},
   ISSN = {1367-4811 (Electronic)
1367-4803 (Linking)},
   DOI = {10.1093/bioinformatics/btx586},
   url = {https://www.ncbi.nlm.nih.gov/pubmed/29028877},
   year = {2018},
   type = {Journal Article}
}

@article{RN97,
   author = {Brysbaert, G. and Mauri, T. and Lensink, M. F.},
   title = {Comparing protein structures with RINspector automation in Cytoscape},
   journal = {F1000Res},
   volume = {7},
   pages = {563},
   ISSN = {2046-1402 (Print)
2046-1402 (Linking)},
   DOI = {10.12688/f1000research.14298.2},
   url = {https://www.ncbi.nlm.nih.gov/pubmed/29946443},
   year = {2018},
   type = {Journal Article}
}

@article{RN44,
   author = {Buchler, T. and Ohlebusch, E.},
   title = {An improved encoding of genetic variation in a Burrows-Wheeler transform},
   journal = {Bioinformatics},
   volume = {36},
   number = {5},
   pages = {1413-1419},
   ISSN = {1367-4811 (Electronic)
1367-4803 (Linking)},
   DOI = {10.1093/bioinformatics/btz782},
   url = {https://www.ncbi.nlm.nih.gov/pubmed/31613311},
   year = {2020},
   type = {Journal Article}
}

@article{RN102,
   author = {Burgess, K. E. V. and Borutzki, Y. and Rankin, N. and Daly, R. and Jourdan, F.},
   title = {MetaNetter 2: A Cytoscape plugin for ab initio network analysis and metabolite feature classification},
   journal = {J Chromatogr B Analyt Technol Biomed Life Sci},
   volume = {1071},
   pages = {68-74},
   ISSN = {1873-376X (Electronic)
1570-0232 (Linking)},
   DOI = {10.1016/j.jchromb.2017.08.015},
   url = {https://www.ncbi.nlm.nih.gov/pubmed/29030098},
   year = {2017},
   type = {Journal Article}
}

@article{RN2885,
   author = {Camacho, C. and Coulouris, G. and Avagyan, V. and Ma, N. and Papadopoulos, J. and Bealer, K. and Madden, T. L.},
   title = {BLAST+: architecture and applications},
   journal = {BMC Bioinformatics},
   volume = {10},
   pages = {421},
   ISSN = {1471-2105 (Electronic)
1471-2105 (Linking)},
   DOI = {10.1186/1471-2105-10-421},
   url = {https://www.ncbi.nlm.nih.gov/pubmed/20003500},
   year = {2009},
   type = {Journal Article}
}

@article{RN2963,
   author = {Camarillo-Guerrero, L. F. and Almeida, A. and Rangel-Pineros, G. and Finn, R. D. and Lawley, T. D.},
   title = {Massive expansion of human gut bacteriophage diversity},
   journal = {Cell},
   volume = {184},
   number = {4},
   pages = {1098-1109 e9},
   ISSN = {1097-4172 (Electronic)
0092-8674 (Linking)},
   DOI = {10.1016/j.cell.2021.01.029},
   url = {https://www.ncbi.nlm.nih.gov/pubmed/33606979},
   year = {2021},
   type = {Journal Article}
}

@article{RN173,
   author = {Camilo, E. and Bovolenta, L. A. and Acencio, M. L. and Rybarczyk-Filho, J. L. and Castro, M. A. and Moreira, J. C. and Lemke, N.},
   title = {GALANT: a Cytoscape plugin for visualizing data as functional landscapes projected onto biological networks},
   journal = {Bioinformatics},
   volume = {29},
   number = {19},
   pages = {2505-6},
   ISSN = {1367-4811 (Electronic)
1367-4803 (Linking)},
   DOI = {10.1093/bioinformatics/btt377},
   url = {https://www.ncbi.nlm.nih.gov/pubmed/23894138},
   year = {2013},
   type = {Journal Article}
}

@article{RN2978,
   author = {Carey, A. J. and Tan, C. K. and Mirza, S. and Irving-Rodgers, H. and Webb, R. I. and Lam, A. and Ulett, G. C.},
   title = {Infection and cellular defense dynamics in a novel 17beta-estradiol murine model of chronic human group B streptococcus genital tract colonization reveal a role for hemolysin in persistence and neutrophil accumulation},
   journal = {J Immunol},
   volume = {192},
   number = {4},
   pages = {1718-31},
   ISSN = {1550-6606 (Electronic)
0022-1767 (Linking)},
   DOI = {10.4049/jimmunol.1202811},
   url = {https://www.ncbi.nlm.nih.gov/pubmed/24453257},
   year = {2014},
   type = {Journal Article}
}

@article{RN104,
   author = {Carlin, D. E. and Demchak, B. and Pratt, D. and Sage, E. and Ideker, T.},
   title = {Network propagation in the cytoscape cyberinfrastructure},
   journal = {PLoS Comput Biol},
   volume = {13},
   number = {10},
   pages = {e1005598},
   ISSN = {1553-7358 (Electronic)
1553-734X (Linking)},
   DOI = {10.1371/journal.pcbi.1005598},
   url = {https://www.ncbi.nlm.nih.gov/pubmed/29023449},
   year = {2017},
   type = {Journal Article}
}

@article{RN2979,
   author = {Cazares, Daniel and Cazares, Adrian and Figueroa, Wendy and Guarneros, Gabriel and Edwards, Robert A. and Vinuesa, Pablo},
   title = {Dynamics of infection in a novel group of promiscuous phages and hosts of multiple bacterial genera retrieved from river communities},
   journal = {bioRxiv},
   pages = {2020.08.07.242396},
   DOI = {10.1101/2020.08.07.242396},
   url = {http://biorxiv.org/content/early/2020/08/10/2020.08.07.242396.abstract},
   year = {2020},
   type = {Journal Article}
}

@article{RN81,
   author = {Ceccarelli, F. and Turei, D. and Gabor, A. and Saez-Rodriguez, J.},
   title = {Bringing data from curated pathway resources to Cytoscape with OmniPath},
   journal = {Bioinformatics},
   volume = {36},
   number = {8},
   pages = {2632-2633},
   ISSN = {1367-4811 (Electronic)
1367-4803 (Linking)},
   DOI = {10.1093/bioinformatics/btz968},
   url = {https://www.ncbi.nlm.nih.gov/pubmed/31886476},
   year = {2020},
   type = {Journal Article}
}

@article{RN1,
   author = {Chand, S. and Messina, E. L. and AlSalmi, W. and Ananthaswamy, N. and Gao, G. and Uritskiy, G. and Padilla-Sanchez, V. and Mahalingam, M. and Peachman, K. K. and Robb, M. L. and Rao, M. and Rao, V. B.},
   title = {Glycosylation and oligomeric state of envelope protein might influence HIV-1 virion capture by alpha4beta7 integrin},
   journal = {Virology},
   volume = {508},
   pages = {199-212},
   ISSN = {1096-0341 (Electronic)
0042-6822 (Linking)},
   DOI = {10.1016/j.virol.2017.05.016},
   url = {https://www.ncbi.nlm.nih.gov/pubmed/28577856},
   year = {2017},
   type = {Journal Article}
}

@article{RN2959,
   author = {Chassaing, B.},
   title = {[The intestinal microbiota helps shapping the adaptive immune response against viruses]},
   journal = {Med Sci (Paris)},
   volume = {31},
   number = {4},
   pages = {355-7},
   ISSN = {0767-0974 (Print)
0767-0974 (Linking)},
   DOI = {10.1051/medsci/20153104003},
   url = {https://www.ncbi.nlm.nih.gov/pubmed/25958747},
   year = {2015},
   type = {Journal Article}
}

@article{RN2938,
   author = {Clapp, M. and Aurora, N. and Herrera, L. and Bhatia, M. and Wilen, E. and Wakefield, S.},
   title = {Gut microbiota's effect on mental health: The gut-brain axis},
   journal = {Clin Pract},
   volume = {7},
   number = {4},
   pages = {987},
   ISSN = {2039-7275 (Print)
2039-7275 (Linking)},
   DOI = {10.4081/cp.2017.987},
   url = {https://www.ncbi.nlm.nih.gov/pubmed/29071061},
   year = {2017},
   type = {Journal Article}
}

@article{RN222,
   author = {Clement-Ziza, M. and Malabat, C. and Weber, C. and Moszer, I. and Aittokallio, T. and Letondal, C. and Rousseau, S.},
   title = {Genoscape: a Cytoscape plug-in to automate the retrieval and integration of gene expression data and molecular networks},
   journal = {Bioinformatics},
   volume = {25},
   number = {19},
   pages = {2617-8},
   ISSN = {1367-4811 (Electronic)
1367-4803 (Linking)},
   DOI = {10.1093/bioinformatics/btp464},
   url = {https://www.ncbi.nlm.nih.gov/pubmed/19654116},
   year = {2009},
   type = {Journal Article}
}

@article{RN236,
   author = {Cline, M. S. and Smoot, M. and Cerami, E. and Kuchinsky, A. and Landys, N. and Workman, C. and Christmas, R. and Avila-Campilo, I. and Creech, M. and Gross, B. and Hanspers, K. and Isserlin, R. and Kelley, R. and Killcoyne, S. and Lotia, S. and Maere, S. and Morris, J. and Ono, K. and Pavlovic, V. and Pico, A. R. and Vailaya, A. and Wang, P. L. and Adler, A. and Conklin, B. R. and Hood, L. and Kuiper, M. and Sander, C. and Schmulevich, I. and Schwikowski, B. and Warner, G. J. and Ideker, T. and Bader, G. D.},
   title = {Integration of biological networks and gene expression data using Cytoscape},
   journal = {Nat Protoc},
   volume = {2},
   number = {10},
   pages = {2366-82},
   ISSN = {1750-2799 (Electronic)
1750-2799 (Linking)},
   DOI = {10.1038/nprot.2007.324},
   url = {https://www.ncbi.nlm.nih.gov/pubmed/17947979},
   year = {2007},
   type = {Journal Article}
}

@article{RN2934,
   author = {Cornish, J. P. and Sanchez-Alberola, N. and O'Neill, P. K. and O'Keefe, R. and Gheba, J. and Erill, I.},
   title = {Characterization of the SOS meta-regulon in the human gut microbiome},
   journal = {Bioinformatics},
   volume = {30},
   number = {9},
   pages = {1193-7},
   ISSN = {1367-4811 (Electronic)
1367-4803 (Linking)},
   DOI = {10.1093/bioinformatics/btt753},
   url = {https://www.ncbi.nlm.nih.gov/pubmed/24407225},
   year = {2014},
   type = {Journal Article}
}

@article{RN123,
   author = {Costa, M. C. D. and Slijkhuis, T. and Ligterink, W. and Hilhorst, H. W. M. and de Ridder, D. and Nijveen, H.},
   title = {CyLineUp: A Cytoscape app for visualizing data in network small multiples},
   journal = {F1000Res},
   volume = {5},
   pages = {635},
   ISSN = {2046-1402 (Print)
2046-1402 (Linking)},
   DOI = {10.12688/f1000research.8402.1},
   url = {https://www.ncbi.nlm.nih.gov/pubmed/27347378},
   year = {2016},
   type = {Journal Article}
}

@article{RN58,
   author = {Cox, A. J. and Bauer, M. J. and Jakobi, T. and Rosone, G.},
   title = {Large-scale compression of genomic sequence databases with the Burrows-Wheeler transform},
   journal = {Bioinformatics},
   volume = {28},
   number = {11},
   pages = {1415-9},
   ISSN = {1367-4811 (Electronic)
1367-4803 (Linking)},
   DOI = {10.1093/bioinformatics/bts173},
   url = {https://www.ncbi.nlm.nih.gov/pubmed/22556365},
   year = {2012},
   type = {Journal Article}
}

@article{RN2905,
   author = {Cullen, C. M. and Aneja, K. K. and Beyhan, S. and Cho, C. E. and Woloszynek, S. and Convertino, M. and McCoy, S. J. and Zhang, Y. and Anderson, M. Z. and Alvarez-Ponce, D. and Smirnova, E. and Karstens, L. and Dorrestein, P. C. and Li, H. and Sen Gupta, A. and Cheung, K. and Powers, J. G. and Zhao, Z. and Rosen, G. L.},
   title = {Emerging Priorities for Microbiome Research},
   journal = {Front Microbiol},
   volume = {11},
   pages = {136},
   ISSN = {1664-302X (Print)
1664-302X (Linking)},
   DOI = {10.3389/fmicb.2020.00136},
   url = {https://www.ncbi.nlm.nih.gov/pubmed/32140140},
   year = {2020},
   type = {Journal Article}
}

@article{RN155,
   author = {Cumbo, F. and Paci, P. and Santoni, D. and Di Paola, L. and Giuliani, A.},
   title = {GIANT: a cytoscape plugin for modular networks},
   journal = {PLoS One},
   volume = {9},
   number = {9},
   pages = {e105001},
   ISSN = {1932-6203 (Electronic)
1932-6203 (Linking)},
   DOI = {10.1371/journal.pone.0105001},
   url = {https://www.ncbi.nlm.nih.gov/pubmed/25275465},
   year = {2014},
   type = {Journal Article}
}

@article{RN136,
   author = {Czerwinska, U. and Calzone, L. and Barillot, E. and Zinovyev, A.},
   title = {DeDaL: Cytoscape 3 app for producing and morphing data-driven and structure-driven network layouts},
   journal = {BMC Syst Biol},
   volume = {9},
   pages = {46},
   ISSN = {1752-0509 (Electronic)
1752-0509 (Linking)},
   DOI = {10.1186/s12918-015-0189-4},
   url = {https://www.ncbi.nlm.nih.gov/pubmed/26271256},
   year = {2015},
   type = {Journal Article}
}

@article{RN17,
   author = {Danecek, P. and Bonfield, J. K. and Liddle, J. and Marshall, J. and Ohan, V. and Pollard, M. O. and Whitwham, A. and Keane, T. and McCarthy, S. A. and Davies, R. M. and Li, H.},
   title = {Twelve years of SAMtools and BCFtools},
   journal = {Gigascience},
   volume = {10},
   number = {2},
   ISSN = {2047-217X (Electronic)
2047-217X (Linking)},
   DOI = {10.1093/gigascience/giab008},
   url = {https://www.ncbi.nlm.nih.gov/pubmed/33590861},
   year = {2021},
   type = {Journal Article}
}

@article{RN2898,
   author = {Davis, M. P. and van Dongen, S. and Abreu-Goodger, C. and Bartonicek, N. and Enright, A. J.},
   title = {Kraken: a set of tools for quality control and analysis of high-throughput sequence data},
   journal = {Methods},
   volume = {63},
   number = {1},
   pages = {41-9},
   ISSN = {1095-9130 (Electronic)
1046-2023 (Linking)},
   DOI = {10.1016/j.ymeth.2013.06.027},
   url = {https://www.ncbi.nlm.nih.gov/pubmed/23816787},
   year = {2013},
   type = {Journal Article}
}

@article{RN2968,
   author = {De Coster, W. and Weissensteiner, M. H. and Sedlazeck, F. J.},
   title = {Towards population-scale long-read sequencing},
   journal = {Nat Rev Genet},
   ISSN = {1471-0064 (Electronic)
1471-0056 (Linking)},
   DOI = {10.1038/s41576-021-00367-3},
   url = {https://www.ncbi.nlm.nih.gov/pubmed/34050336},
   year = {2021},
   type = {Journal Article}
}

@article{RN2954,
   author = {De Sordi, L. and Khanna, V. and Debarbieux, L.},
   title = {The Gut Microbiota Facilitates Drifts in the Genetic Diversity and Infectivity of Bacterial Viruses},
   journal = {Cell Host Microbe},
   volume = {22},
   number = {6},
   pages = {801-808 e3},
   ISSN = {1934-6069 (Electronic)
1931-3128 (Linking)},
   DOI = {10.1016/j.chom.2017.10.010},
   url = {https://www.ncbi.nlm.nih.gov/pubmed/29174401},
   year = {2017},
   type = {Journal Article}
}

@article{RN2914,
   author = {Deb, S. and Das, L. and Das, S. K.},
   title = {Composition and functional characterization of the gut microbiome of freshwater pufferfish (Tetraodon cutcutia)},
   journal = {Arch Microbiol},
   volume = {202},
   number = {10},
   pages = {2761-2770},
   ISSN = {1432-072X (Electronic)
0302-8933 (Linking)},
   DOI = {10.1007/s00203-020-01997-7},
   url = {https://www.ncbi.nlm.nih.gov/pubmed/32737543},
   year = {2020},
   type = {Journal Article}
}

@article{RN197,
   author = {DeJongh, M. and Bockstege, B. and Frybarger, P. and Hazekamp, N. and Kammeraad, J. and McGeehan, T.},
   title = {CytoSEED: a Cytoscape plugin for viewing, manipulating and analyzing metabolic models created by the Model SEED},
   journal = {Bioinformatics},
   volume = {28},
   number = {6},
   pages = {891-2},
   ISSN = {1367-4811 (Electronic)
1367-4803 (Linking)},
   DOI = {10.1093/bioinformatics/btr719},
   url = {https://www.ncbi.nlm.nih.gov/pubmed/22210867},
   year = {2012},
   type = {Journal Article}
}

@article{RN72,
   author = {DeMaere, M. Z. and Darling, A. E.},
   title = {bin3C: exploiting Hi-C sequencing data to accurately resolve metagenome-assembled genomes},
   journal = {Genome Biol},
   volume = {20},
   number = {1},
   pages = {46},
   ISSN = {1474-760X (Electronic)
1474-7596 (Linking)},
   DOI = {10.1186/s13059-019-1643-1},
   url = {https://www.ncbi.nlm.nih.gov/pubmed/30808380},
   year = {2019},
   type = {Journal Article}
}

@article{RN163,
   author = {Demchak, B. and Hull, T. and Reich, M. and Liefeld, T. and Smoot, M. and Ideker, T. and Mesirov, J. P.},
   title = {Cytoscape: the network visualization tool for GenomeSpace workflows},
   journal = {F1000Res},
   volume = {3},
   pages = {151},
   ISSN = {2046-1402 (Print)
2046-1402 (Linking)},
   DOI = {10.12688/f1000research.4492.2},
   url = {https://www.ncbi.nlm.nih.gov/pubmed/25165537},
   year = {2014},
   type = {Journal Article}
}

@article{RN96,
   author = {Demchak, B. and Otasek, D. and Pico, A. R. and Bader, G. D. and Ono, K. and Settle, B. and Sage, E. and Morris, J. H. and Longabaugh, W. and Lopes, C. and Kucera, M. and Treister, A. and Schwikowski, B. and Molenaar, P. and Ideker, T.},
   title = {The Cytoscape Automation app article collection},
   journal = {F1000Res},
   volume = {7},
   pages = {800},
   ISSN = {2046-1402 (Print)
2046-1402 (Linking)},
   DOI = {10.12688/f1000research.15355.1},
   url = {https://www.ncbi.nlm.nih.gov/pubmed/29983926},
   year = {2018},
   type = {Journal Article}
}

@article{RN149,
   author = {Diaz-Montana, J. J. and Diaz-Diaz, N.},
   title = {Development and use of the Cytoscape app GFD-Net for measuring semantic dissimilarity of gene networks},
   journal = {F1000Res},
   volume = {3},
   pages = {142},
   ISSN = {2046-1402 (Print)
2046-1402 (Linking)},
   DOI = {10.12688/f1000research.4573.1},
   url = {https://www.ncbi.nlm.nih.gov/pubmed/25400907},
   year = {2014},
   type = {Journal Article}
}

@article{RN85,
   author = {Diaz-Montana, J. J. and Diaz-Diaz, N. and Barranco, C. D. and Ponzoni, I.},
   title = {Development and use of a Cytoscape app for GRNCOP2},
   journal = {Comput Methods Programs Biomed},
   volume = {177},
   pages = {211-218},
   ISSN = {1872-7565 (Electronic)
0169-2607 (Linking)},
   DOI = {10.1016/j.cmpb.2019.05.030},
   url = {https://www.ncbi.nlm.nih.gov/pubmed/31319950},
   year = {2019},
   type = {Journal Article}
}

@article{RN99,
   author = {Diaz-Montana, J. J. and Gomez-Vela, F. and Diaz-Diaz, N.},
   title = {GNC-app: A new Cytoscape app to rate gene networks biological coherence using gene-gene indirect relationships},
   journal = {Biosystems},
   volume = {166},
   pages = {61-65},
   ISSN = {1872-8324 (Electronic)
0303-2647 (Linking)},
   DOI = {10.1016/j.biosystems.2018.01.007},
   url = {https://www.ncbi.nlm.nih.gov/pubmed/29408296},
   year = {2018},
   type = {Journal Article}
}

@article{RN2945,
   author = {Divya Ganeshan, S. and Hosseinidoust, Z.},
   title = {Phage Therapy with a Focus on the Human Microbiota},
   journal = {Antibiotics (Basel)},
   volume = {8},
   number = {3},
   ISSN = {2079-6382 (Print)
2079-6382 (Linking)},
   DOI = {10.3390/antibiotics8030131},
   url = {https://www.ncbi.nlm.nih.gov/pubmed/31461990},
   year = {2019},
   type = {Journal Article}
}

@article{RN89,
   author = {Doncheva, N. T. and Morris, J. H. and Gorodkin, J. and Jensen, L. J.},
   title = {Cytoscape StringApp: Network Analysis and Visualization of Proteomics Data},
   journal = {J Proteome Res},
   volume = {18},
   number = {2},
   pages = {623-632},
   ISSN = {1535-3907 (Electronic)
1535-3893 (Linking)},
   DOI = {10.1021/acs.jproteome.8b00702},
   url = {https://www.ncbi.nlm.nih.gov/pubmed/30450911},
   year = {2019},
   type = {Journal Article}
}

@article{RN2909,
   author = {Duan, J. and Huang, Y. and Tan, X. and Chai, T. and Wu, J. and Zhang, H. and Li, Y. and Hu, X. and Zheng, P. and Ji, P. and Zhao, L. and Yang, D. and Fang, L. and Song, J. and Xie, P.},
   title = {Characterization of gut microbiome in mice model of depression with divergent response to escitalopram treatment},
   journal = {Transl Psychiatry},
   volume = {11},
   number = {1},
   pages = {303},
   ISSN = {2158-3188 (Electronic)
2158-3188 (Linking)},
   DOI = {10.1038/s41398-021-01428-1},
   url = {https://www.ncbi.nlm.nih.gov/pubmed/34016954},
   year = {2021},
   type = {Journal Article}
}

@article{RN2957,
   author = {Duguma, D. and Hall, M. W. and Smartt, C. T. and Neufeld, J. D.},
   title = {Effects of Organic Amendments on Microbiota Associated with the Culex nigripalpus Mosquito Vector of the Saint Louis Encephalitis and West Nile Viruses},
   journal = {mSphere},
   volume = {2},
   number = {1},
   ISSN = {2379-5042 (Print)
2379-5042 (Linking)},
   DOI = {10.1128/mSphere.00387-16},
   url = {https://www.ncbi.nlm.nih.gov/pubmed/28168223},
   year = {2017},
   type = {Journal Article}
}

@article{RN2893,
   author = {Dumack, K. and Mylnikov, A. P. and Bonkowski, M.},
   title = {Evolutionary Relationship of the Scale-Bearing Kraken (incertae sedis, Monadofilosa, Cercozoa, Rhizaria): Combining Ultrastructure Data and a Two-Gene Phylogeny},
   journal = {Protist},
   volume = {168},
   number = {3},
   pages = {362-373},
   ISSN = {1618-0941 (Electronic)
1434-4610 (Linking)},
   DOI = {10.1016/j.protis.2017.04.004},
   url = {https://www.ncbi.nlm.nih.gov/pubmed/28582680},
   year = {2017},
   type = {Journal Article}
}

@article{RN2894,
   author = {Dumack, K. and Schuster, J. and Bass, D. and Bonkowski, M.},
   title = {A Novel Lineage of 'Naked Filose Amoebae'; Kraken carinae gen. nov. sp. nov. (Cercozoa) with a Remarkable Locomotion by Disassembly of its Cell Body},
   journal = {Protist},
   volume = {167},
   number = {3},
   pages = {268-78},
   ISSN = {1618-0941 (Electronic)
1434-4610 (Linking)},
   DOI = {10.1016/j.protis.2016.04.002},
   url = {https://www.ncbi.nlm.nih.gov/pubmed/27236418},
   year = {2016},
   type = {Journal Article}
}

@article{RN2937,
   author = {Durack, J. and Lynch, S. V.},
   title = {The gut microbiome: Relationships with disease and opportunities for therapy},
   journal = {J Exp Med},
   volume = {216},
   number = {1},
   pages = {20-40},
   ISSN = {1540-9538 (Electronic)
0022-1007 (Linking)},
   DOI = {10.1084/jem.20180448},
   url = {https://www.ncbi.nlm.nih.gov/pubmed/30322864},
   year = {2019},
   type = {Journal Article}
}

@article{RN56,
   author = {Durbin, R.},
   title = {Efficient haplotype matching and storage using the positional Burrows-Wheeler transform (PBWT)},
   journal = {Bioinformatics},
   volume = {30},
   number = {9},
   pages = {1266-72},
   ISSN = {1367-4811 (Electronic)
1367-4803 (Linking)},
   DOI = {10.1093/bioinformatics/btu014},
   url = {https://www.ncbi.nlm.nih.gov/pubmed/24413527},
   year = {2014},
   type = {Journal Article}
}

@article{RN2980,
   author = {Edwards, R. A. and McNair, K. and Faust, K. and Raes, J. and Dutilh, B. E.},
   title = {Computational approaches to predict bacteriophage-host relationships},
   journal = {FEMS Microbiol Rev},
   volume = {40},
   number = {2},
   pages = {258-72},
   ISSN = {1574-6976 (Electronic)
0168-6445 (Linking)},
   DOI = {10.1093/femsre/fuv048},
   url = {https://www.ncbi.nlm.nih.gov/pubmed/26657537},
   year = {2016},
   type = {Journal Article}
}

@article{RN2900,
   author = {Edwin Chan, H. Y. and Harris, S. J. and O'Kane, C. J.},
   title = {Identification and characterization of kraken, a gene encoding a putative hydrolytic enzyme in Drosophila melanogaster},
   journal = {Gene},
   volume = {222},
   number = {2},
   pages = {195-201},
   ISSN = {0378-1119 (Print)
0378-1119 (Linking)},
   DOI = {10.1016/s0378-1119(98)00497-1},
   url = {https://www.ncbi.nlm.nih.gov/pubmed/9831651},
   year = {1998},
   type = {Journal Article}
}

@article{RN2886,
   author = {Eren, A. M. and Kiefl, E. and Shaiber, A. and Veseli, I. and Miller, S. E. and Schechter, M. S. and Fink, I. and Pan, J. N. and Yousef, M. and Fogarty, E. C. and Trigodet, F. and Watson, A. R. and Esen, O. C. and Moore, R. M. and Clayssen, Q. and Lee, M. D. and Kivenson, V. and Graham, E. D. and Merrill, B. D. and Karkman, A. and Blankenberg, D. and Eppley, J. M. and Sjodin, A. and Scott, J. J. and Vazquez-Campos, X. and McKay, L. J. and McDaniel, E. A. and Stevens, S. L. R. and Anderson, R. E. and Fuessel, J. and Fernandez-Guerra, A. and Maignien, L. and Delmont, T. O. and Willis, A. D.},
   title = {Community-led, integrated, reproducible multi-omics with anvi'o},
   journal = {Nat Microbiol},
   volume = {6},
   number = {1},
   pages = {3-6},
   ISSN = {2058-5276 (Electronic)
2058-5276 (Linking)},
   DOI = {10.1038/s41564-020-00834-3},
   url = {https://www.ncbi.nlm.nih.gov/pubmed/33349678},
   year = {2021},
   type = {Journal Article}
}

@article{RN19,
   author = {Etherington, G. J. and Ramirez-Gonzalez, R. H. and MacLean, D.},
   title = {bio-samtools 2: a package for analysis and visualization of sequence and alignment data with SAMtools in Ruby},
   journal = {Bioinformatics},
   volume = {31},
   number = {15},
   pages = {2565-7},
   ISSN = {1367-4811 (Electronic)
1367-4803 (Linking)},
   DOI = {10.1093/bioinformatics/btv178},
   url = {https://www.ncbi.nlm.nih.gov/pubmed/25819670},
   year = {2015},
   type = {Journal Article}
}

@article{RN2908,
   author = {Fan, Y. and Pedersen, O.},
   title = {Gut microbiota in human metabolic health and disease},
   journal = {Nat Rev Microbiol},
   volume = {19},
   number = {1},
   pages = {55-71},
   ISSN = {1740-1534 (Electronic)
1740-1526 (Linking)},
   DOI = {10.1038/s41579-020-0433-9},
   url = {https://www.ncbi.nlm.nih.gov/pubmed/32887946},
   year = {2021},
   type = {Journal Article}
}

@article{RN105,
   author = {Farahmand, S. and Foroughmand-Araabi, M. H. and Goliaei, S. and Razaghi-Moghadam, Z.},
   title = {CytoGTA: A cytoscape plugin for identifying discriminative subnetwork markers using a game theoretic approach},
   journal = {PLoS One},
   volume = {12},
   number = {10},
   pages = {e0185016},
   ISSN = {1932-6203 (Electronic)
1932-6203 (Linking)},
   DOI = {10.1371/journal.pone.0185016},
   url = {https://www.ncbi.nlm.nih.gov/pubmed/28968407},
   year = {2017},
   type = {Journal Article}
}

@article{RN119,
   author = {Faust, K. and Raes, J.},
   title = {CoNet app: inference of biological association networks using Cytoscape},
   journal = {F1000Res},
   volume = {5},
   pages = {1519},
   ISSN = {2046-1402 (Print)
2046-1402 (Linking)},
   DOI = {10.12688/f1000research.9050.2},
   url = {https://www.ncbi.nlm.nih.gov/pubmed/27853510},
   year = {2016},
   type = {Journal Article}
}

@article{RN28,
   author = {Feldman, S. S. and Horan, T. A.},
   title = {Collaboration in electronic medical evidence development: a case study of the Social Security Administration's MEGAHIT System},
   journal = {Int J Med Inform},
   volume = {80},
   number = {8},
   pages = {e127-40},
   ISSN = {1872-8243 (Electronic)
1386-5056 (Linking)},
   DOI = {10.1016/j.ijmedinf.2011.01.012},
   url = {https://www.ncbi.nlm.nih.gov/pubmed/21333588},
   year = {2011},
   type = {Journal Article}
}

@article{RN240,
   author = {Ferro, A. and Giugno, R. and Pigola, G. and Pulvirenti, A. and Skripin, D. and Bader, G. D. and Shasha, D.},
   title = {NetMatch: a Cytoscape plugin for searching biological networks},
   journal = {Bioinformatics},
   volume = {23},
   number = {7},
   pages = {910-2},
   ISSN = {1367-4811 (Electronic)
1367-4803 (Linking)},
   DOI = {10.1093/bioinformatics/btm032},
   url = {https://www.ncbi.nlm.nih.gov/pubmed/17277332},
   year = {2007},
   type = {Journal Article}
}

@article{RN108,
   author = {Fitts, B. and Zhang, Z. and Maher, M. and Demchak, B.},
   title = {dot-app: a Graphviz-Cytoscape conversion plug-in},
   journal = {F1000Res},
   volume = {5},
   pages = {2543},
   ISSN = {2046-1402 (Print)
2046-1402 (Linking)},
   DOI = {10.12688/f1000research.9751.2},
   url = {https://www.ncbi.nlm.nih.gov/pubmed/27853520},
   year = {2016},
   type = {Journal Article}
}

@article{RN2961,
   author = {Foulongne, V. and Sauvage, V. and Hebert, C. and Dereure, O. and Cheval, J. and Gouilh, M. A. and Pariente, K. and Segondy, M. and Burguiere, A. and Manuguerra, J. C. and Caro, V. and Eloit, M.},
   title = {Human skin microbiota: high diversity of DNA viruses identified on the human skin by high throughput sequencing},
   journal = {PLoS One},
   volume = {7},
   number = {6},
   pages = {e38499},
   ISSN = {1932-6203 (Electronic)
1932-6203 (Linking)},
   DOI = {10.1371/journal.pone.0038499},
   url = {https://www.ncbi.nlm.nih.gov/pubmed/22723863},
   year = {2012},
   type = {Journal Article}
}

@article{RN132,
   author = {Franz, M. and Lopes, C. T. and Huck, G. and Dong, Y. and Sumer, O. and Bader, G. D.},
   title = {Cytoscape.js: a graph theory library for visualisation and analysis},
   journal = {Bioinformatics},
   volume = {32},
   number = {2},
   pages = {309-11},
   ISSN = {1367-4811 (Electronic)
1367-4803 (Linking)},
   DOI = {10.1093/bioinformatics/btv557},
   url = {https://www.ncbi.nlm.nih.gov/pubmed/26415722},
   year = {2016},
   type = {Journal Article}
}

@article{RN40,
   author = {Freyman, W. A. and McManus, K. F. and Shringarpure, S. S. and Jewett, E. M. and Bryc, K. and Me Research, Team and Auton, A.},
   title = {Fast and Robust Identity-by-Descent Inference with the Templated Positional Burrows-Wheeler Transform},
   journal = {Mol Biol Evol},
   volume = {38},
   number = {5},
   pages = {2131-2151},
   ISSN = {1537-1719 (Electronic)
0737-4038 (Linking)},
   DOI = {10.1093/molbev/msaa328},
   url = {https://www.ncbi.nlm.nih.gov/pubmed/33355662},
   year = {2021},
   type = {Journal Article}
}

@article{RN139,
   author = {Frias, S. and Bryan, K. and Brinkman, F. S. and Lynn, D. J.},
   title = {CerebralWeb: a Cytoscape.js plug-in to visualize networks stratified by subcellular localization},
   journal = {Database (Oxford)},
   volume = {2015},
   pages = {bav041},
   ISSN = {1758-0463 (Electronic)
1758-0463 (Linking)},
   DOI = {10.1093/database/bav041},
   url = {https://www.ncbi.nlm.nih.gov/pubmed/25953080},
   year = {2015},
   type = {Journal Article}
}

@article{RN131,
   author = {Fronczuk, M. and Raftery, A. E. and Yeung, K. Y.},
   title = {CyNetworkBMA: a Cytoscape app for inferring gene regulatory networks},
   journal = {Source Code Biol Med},
   volume = {10},
   pages = {11},
   ISSN = {1751-0473 (Print)
1751-0473 (Linking)},
   DOI = {10.1186/s13029-015-0043-5},
   url = {https://www.ncbi.nlm.nih.gov/pubmed/26566394},
   year = {2015},
   type = {Journal Article}
}

@article{RN2930,
   author = {Fu, B. C. and Randolph, T. W. and Lim, U. and Monroe, K. R. and Cheng, I. and Wilkens, L. R. and Le Marchand, L. and Hullar, M. A. and Lampe, J. W.},
   title = {Characterization of the gut microbiome in epidemiologic studies: the multiethnic cohort experience},
   journal = {Ann Epidemiol},
   volume = {26},
   number = {5},
   pages = {373-9},
   ISSN = {1873-2585 (Electronic)
1047-2797 (Linking)},
   DOI = {10.1016/j.annepidem.2016.02.009},
   url = {https://www.ncbi.nlm.nih.gov/pubmed/27039047},
   year = {2016},
   type = {Journal Article}
}

@article{RN2927,
   author = {Galloway-Pena, J. R. and Smith, D. P. and Sahasrabhojane, P. and Wadsworth, W. D. and Fellman, B. M. and Ajami, N. J. and Shpall, E. J. and Daver, N. and Guindani, M. and Petrosino, J. F. and Kontoyiannis, D. P. and Shelburne, S. A.},
   title = {Characterization of oral and gut microbiome temporal variability in hospitalized cancer patients},
   journal = {Genome Med},
   volume = {9},
   number = {1},
   pages = {21},
   ISSN = {1756-994X (Electronic)
1756-994X (Linking)},
   DOI = {10.1186/s13073-017-0409-1},
   url = {https://www.ncbi.nlm.nih.gov/pubmed/28245856},
   year = {2017},
   type = {Journal Article}
}

@article{RN227,
   author = {Gao, J. and Ade, A. S. and Tarcea, V. G. and Weymouth, T. E. and Mirel, B. R. and Jagadish, H. V. and States, D. J.},
   title = {Integrating and annotating the interactome using the MiMI plugin for cytoscape},
   journal = {Bioinformatics},
   volume = {25},
   number = {1},
   pages = {137-8},
   ISSN = {1367-4811 (Electronic)
1367-4803 (Linking)},
   DOI = {10.1093/bioinformatics/btn501},
   url = {https://www.ncbi.nlm.nih.gov/pubmed/18812364},
   year = {2009},
   type = {Journal Article}
}

@article{RN220,
   author = {Gao, J. and Tarcea, V. G. and Karnovsky, A. and Mirel, B. R. and Weymouth, T. E. and Beecher, C. W. and Cavalcoli, J. D. and Athey, B. D. and Omenn, G. S. and Burant, C. F. and Jagadish, H. V.},
   title = {Metscape: a Cytoscape plug-in for visualizing and interpreting metabolomic data in the context of human metabolic networks},
   journal = {Bioinformatics},
   volume = {26},
   number = {7},
   pages = {971-3},
   ISSN = {1367-4811 (Electronic)
1367-4803 (Linking)},
   DOI = {10.1093/bioinformatics/btq048},
   url = {https://www.ncbi.nlm.nih.gov/pubmed/20139469},
   year = {2010},
   type = {Journal Article}
}

@article{RN167,
   author = {Gao, J. and Zhang, C. and van Iersel, M. and Zhang, L. and Xu, D. and Schultz, N. and A, R. Pico},
   title = {BridgeDb app: unifying identifier mapping services for Cytoscape},
   journal = {F1000Res},
   volume = {3},
   pages = {148},
   ISSN = {2046-1402 (Print)
2046-1402 (Linking)},
   DOI = {10.12688/f1000research.4521.1},
   url = {https://www.ncbi.nlm.nih.gov/pubmed/25110584},
   year = {2014},
   type = {Journal Article}
}

@article{RN241,
   author = {Garcia, O. and Saveanu, C. and Cline, M. and Fromont-Racine, M. and Jacquier, A. and Schwikowski, B. and Aittokallio, T.},
   title = {GOlorize: a Cytoscape plug-in for network visualization with Gene Ontology-based layout and coloring},
   journal = {Bioinformatics},
   volume = {23},
   number = {3},
   pages = {394-6},
   ISSN = {1367-4811 (Electronic)
1367-4803 (Linking)},
   DOI = {10.1093/bioinformatics/btl605},
   url = {https://www.ncbi.nlm.nih.gov/pubmed/17127678},
   year = {2007},
   type = {Journal Article}
}

@article{RN2,
   author = {Gelsinger, D. R. and Uritskiy, G. and Reddy, R. and Munn, A. and Farney, K. and DiRuggiero, J.},
   title = {Regulatory Noncoding Small RNAs Are Diverse and Abundant in an Extremophilic Microbial Community},
   journal = {mSystems},
   volume = {5},
   number = {1},
   ISSN = {2379-5077 (Print)
2379-5077 (Linking)},
   DOI = {10.1128/mSystems.00584-19},
   url = {https://www.ncbi.nlm.nih.gov/pubmed/32019831},
   year = {2020},
   type = {Journal Article}
}

@article{RN34,
   author = {Giannoulatou, E. and Park, S. H. and Humphreys, D. T. and Ho, J. W.},
   title = {Verification and validation of bioinformatics software without a gold standard: a case study of BWA and Bowtie},
   journal = {BMC Bioinformatics},
   volume = {15 Suppl 16},
   pages = {S15},
   ISSN = {1471-2105 (Electronic)
1471-2105 (Linking)},
   DOI = {10.1186/1471-2105-15-S16-S15},
   url = {https://www.ncbi.nlm.nih.gov/pubmed/25521810},
   year = {2014},
   type = {Journal Article}
}

@article{RN2988,
   author = {Gies, E. A. and Konwar, K. M. and Beatty, J. T. and Hallam, S. J.},
   title = {Illuminating microbial dark matter in meromictic Sakinaw Lake},
   journal = {Appl Environ Microbiol},
   volume = {80},
   number = {21},
   pages = {6807-18},
   ISSN = {1098-5336 (Electronic)
0099-2240 (Linking)},
   DOI = {10.1128/AEM.01774-14},
   url = {https://www.ncbi.nlm.nih.gov/pubmed/25172853},
   year = {2014},
   type = {Journal Article}
}

@article{RN2888,
   author = {Gomi, R. and Wyres, K. L. and Holt, K. E.},
   title = {Detection of plasmid contigs in draft genome assemblies using customized Kraken databases},
   journal = {Microb Genom},
   volume = {7},
   number = {4},
   ISSN = {2057-5858 (Electronic)
2057-5858 (Linking)},
   DOI = {10.1099/mgen.0.000550},
   url = {https://www.ncbi.nlm.nih.gov/pubmed/33826492},
   year = {2021},
   type = {Journal Article}
}

@article{RN187,
   author = {Goncalves, E. and Mirlach, F. and Saez-Rodriguez, J.},
   title = {Cyrface: An interface from Cytoscape to R that provides a user interface to R packages},
   journal = {F1000Res},
   volume = {2},
   pages = {192},
   ISSN = {2046-1402 (Print)
2046-1402 (Linking)},
   DOI = {10.12688/f1000research.2-192.v2},
   url = {https://www.ncbi.nlm.nih.gov/pubmed/24715956},
   year = {2013},
   type = {Journal Article}
}

@article{RN184,
   author = {Goncalves, E. and van Iersel, M. and Saez-Rodriguez, J.},
   title = {CySBGN: a Cytoscape plug-in to integrate SBGN maps},
   journal = {BMC Bioinformatics},
   volume = {14},
   pages = {17},
   ISSN = {1471-2105 (Electronic)
1471-2105 (Linking)},
   DOI = {10.1186/1471-2105-14-17},
   url = {https://www.ncbi.nlm.nih.gov/pubmed/23324051},
   year = {2013},
   type = {Journal Article}
}

@article{RN47,
   author = {Granada, I. and Crespo, P. M. and Garcia-Frias, J.},
   title = {Combining the Burrows-Wheeler Transform and RCM-LDGM Codes for the Transmission of Sources with Memory at High Spectral Efficiencies},
   journal = {Entropy (Basel)},
   volume = {21},
   number = {4},
   ISSN = {1099-4300 (Electronic)
1099-4300 (Linking)},
   DOI = {10.3390/e21040378},
   url = {https://www.ncbi.nlm.nih.gov/pubmed/33267092},
   year = {2019},
   type = {Journal Article}
}

@inbook{RN1380,
   author = {Greer, N. and Sayer, N. and Kramer, M. and Koeller, E. and Velasquez, T.},
   booktitle = {Prevalence and Epidemiology of Combat Blast Injuries from the Military Cohort 2001-2014},
   series = {VA Evidence-based Synthesis Program Reports},
   address = {Washington (DC)},
   url = {https://www.ncbi.nlm.nih.gov/pubmed/28813129},
   year = {2016},
   type = {Book Section}
}

@article{RN42,
   author = {Guerrini, V. and Louza, F. A. and Rosone, G.},
   title = {Metagenomic analysis through the extended Burrows-Wheeler transform},
   journal = {BMC Bioinformatics},
   volume = {21},
   number = {Suppl 8},
   pages = {299},
   ISSN = {1471-2105 (Electronic)
1471-2105 (Linking)},
   DOI = {10.1186/s12859-020-03628-w},
   url = {https://www.ncbi.nlm.nih.gov/pubmed/32938362},
   year = {2020},
   type = {Journal Article}
}

@article{RN146,
   author = {Guitart-Pla, O. and Kustagi, M. and Rugheimer, F. and Califano, A. and Schwikowski, B.},
   title = {The Cyni framework for network inference in Cytoscape},
   journal = {Bioinformatics},
   volume = {31},
   number = {9},
   pages = {1499-501},
   ISSN = {1367-4811 (Electronic)
1367-4803 (Linking)},
   DOI = {10.1093/bioinformatics/btu812},
   url = {https://www.ncbi.nlm.nih.gov/pubmed/25527096},
   year = {2015},
   type = {Journal Article}
}

@article{RN24,
   author = {Guo, J. and Bolduc, B. and Zayed, A. A. and Varsani, A. and Dominguez-Huerta, G. and Delmont, T. O. and Pratama, A. A. and Gazitua, M. C. and Vik, D. and Sullivan, M. B. and Roux, S.},
   title = {VirSorter2: a multi-classifier, expert-guided approach to detect diverse DNA and RNA viruses},
   journal = {Microbiome},
   volume = {9},
   number = {1},
   pages = {37},
   ISSN = {2049-2618 (Electronic)
2049-2618 (Linking)},
   DOI = {10.1186/s40168-020-00990-y},
   url = {https://www.ncbi.nlm.nih.gov/pubmed/33522966},
   year = {2021},
   type = {Journal Article}
}

@article{RN25,
   author = {Guo, J. and Bolduc, B. and Zayed, A. A. and Varsani, A. and Dominguez-Huerta, G. and Delmont, T. O. and Pratama, A. A. and Gazitua, M. C. and Vik, D. and Sullivan, M. B. and Roux, S.},
   title = {VirSorter2: a multi-classifier, expert-guided approach to detect diverse DNA and RNA viruses},
   journal = {Microbiome},
   volume = {9},
   number = {1},
   pages = {37},
   ISSN = {2049-2618 (Electronic)
2049-2618 (Linking)},
   DOI = {10.1186/s40168-020-00990-y},
   url = {https://www.ncbi.nlm.nih.gov/pubmed/33522966},
   year = {2021},
   type = {Journal Article}
}

@article{RN82,
   author = {Gustavsen, J. A. and Pai, S. and Isserlin, R. and Demchak, B. and Pico, A. R.},
   title = {RCy3: Network biology using Cytoscape from within R},
   journal = {F1000Res},
   volume = {8},
   pages = {1774},
   ISSN = {2046-1402 (Electronic)
2046-1402 (Linking)},
   DOI = {10.12688/f1000research.20887.3},
   url = {https://www.ncbi.nlm.nih.gov/pubmed/31819800},
   year = {2019},
   type = {Journal Article}
}

@article{RN224,
   author = {Guziolowski, C. and Bourde, A. and Moreews, F. and Siegel, A.},
   title = {BioQuali Cytoscape plugin: analysing the global consistency of regulatory networks},
   journal = {BMC Genomics},
   volume = {10},
   pages = {244},
   ISSN = {1471-2164 (Electronic)
1471-2164 (Linking)},
   DOI = {10.1186/1471-2164-10-244},
   url = {https://www.ncbi.nlm.nih.gov/pubmed/19470162},
   year = {2009},
   type = {Journal Article}
}

@article{RN86,
   author = {Halajyan, A. and Weingart, N. and Yeahia, M. and Loza-Coll, M.},
   title = {NetR and AttR, Two New Bioinformatic Tools to Integrate Diverse Datasets into Cytoscape Network and Attribute Files},
   journal = {Genes (Basel)},
   volume = {10},
   number = {6},
   ISSN = {2073-4425 (Print)
2073-4425 (Linking)},
   DOI = {10.3390/genes10060423},
   url = {https://www.ncbi.nlm.nih.gov/pubmed/31159440},
   year = {2019},
   type = {Journal Article}
}

@article{RN2990,
   author = {Hedlund, B. P. and Dodsworth, J. A. and Murugapiran, S. K. and Rinke, C. and Woyke, T.},
   title = {Impact of single-cell genomics and metagenomics on the emerging view of extremophile "microbial dark matter"},
   journal = {Extremophiles},
   volume = {18},
   number = {5},
   pages = {865-75},
   ISSN = {1433-4909 (Electronic)
1431-0651 (Linking)},
   DOI = {10.1007/s00792-014-0664-7},
   url = {https://www.ncbi.nlm.nih.gov/pubmed/25113821},
   year = {2014},
   type = {Journal Article}
}

@article{RN38,
   author = {Hertrich, V.},
   title = {[Infant mortality in Sirao, a Bwa village in Mali]},
   journal = {Etudes Mali},
   number = {41},
   pages = {15-33},
   ISSN = {0378-2034 (Print)
0378-2034 (Linking)},
   url = {https://www.ncbi.nlm.nih.gov/pubmed/12342332},
   year = {1989},
   type = {Journal Article}
}

@article{RN37,
   author = {Hertrich, V.},
   title = {[Omissions, double counts, errors on ages: the results of an updated survey in the Bwa territory, Mali]},
   journal = {Etudes Mali},
   number = {44},
   pages = {21-38},
   ISSN = {0378-2034 (Print)
0378-2034 (Linking)},
   url = {https://www.ncbi.nlm.nih.gov/pubmed/12285294},
   year = {1991},
   type = {Journal Article}
}

@article{RN36,
   author = {Hertrich, V.},
   title = {The contribution of existing sources to the dating of events: a survey in Mali's Bwa country},
   journal = {Popul},
   volume = {5},
   pages = {73-99},
   url = {https://www.ncbi.nlm.nih.gov/pubmed/12157924},
   year = {1993},
   type = {Journal Article}
}

@article{RN80,
   author = {Hill, M. and Mason, D. and Monteiro Marques, T. and Gama Carvalho, M. and Tran, N.},
   title = {Developing a virus-microRNA interactome using cytoscape},
   journal = {MethodsX},
   volume = {7},
   pages = {100700},
   ISSN = {2215-0161 (Print)
2215-0161 (Linking)},
   DOI = {10.1016/j.mex.2019.10.011},
   url = {https://www.ncbi.nlm.nih.gov/pubmed/31993337},
   year = {2020},
   type = {Journal Article}
}

@article{RN83,
   author = {Holmas, S. and Puig, R. R. and Acencio, M. L. and Mironov, V. and Kuiper, M.},
   title = {The Cytoscape BioGateway App: explorative network building from the BioGateway triple store},
   journal = {Bioinformatics},
   ISSN = {1367-4811 (Electronic)
1367-4803 (Linking)},
   DOI = {10.1093/bioinformatics/btz835},
   url = {https://www.ncbi.nlm.nih.gov/pubmed/31710663},
   year = {2019},
   type = {Journal Article}
}

@article{RN31,
   author = {Houtgast, E. J. and Sima, V. M. and Bertels, K. and Al-Ars, Z.},
   title = {Hardware acceleration of BWA-MEM genomic short read mapping for longer read lengths},
   journal = {Comput Biol Chem},
   volume = {75},
   pages = {54-64},
   ISSN = {1476-928X (Electronic)
1476-9271 (Linking)},
   DOI = {10.1016/j.compbiolchem.2018.03.024},
   url = {https://www.ncbi.nlm.nih.gov/pubmed/29747076},
   year = {2018},
   type = {Journal Article}
}

@article{RN95,
   author = {Huang, L. J. and Law, J. N. and Murali, T. M.},
   title = {Automating the PathLinker app for Cytoscape},
   journal = {F1000Res},
   volume = {7},
   pages = {727},
   ISSN = {2046-1402 (Print)
2046-1402 (Linking)},
   DOI = {10.12688/f1000research.14616.1},
   url = {https://www.ncbi.nlm.nih.gov/pubmed/30057757},
   year = {2018},
   type = {Journal Article}
}

@article{RN169,
   author = {Isserlin, R. and Merico, D. and Voisin, V. and Bader, G. D.},
   title = {Enrichment Map - a Cytoscape app to visualize and explore OMICs pathway enrichment results},
   journal = {F1000Res},
   volume = {3},
   pages = {141},
   ISSN = {2046-1402 (Print)
2046-1402 (Linking)},
   DOI = {10.12688/f1000research.4536.1},
   url = {https://www.ncbi.nlm.nih.gov/pubmed/25075306},
   year = {2014},
   type = {Journal Article}
}

@article{RN2953,
   author = {Jakobsen, O. A. J. and Szereday, L.},
   title = {The "Three Amigos" lurking behind type 1 diabetes: Hygiene, gut microbiota and viruses},
   journal = {Acta Microbiol Immunol Hung},
   volume = {65},
   number = {4},
   pages = {421-438},
   ISSN = {1217-8950 (Print)
1217-8950 (Linking)},
   DOI = {10.1556/030.65.2018.017},
   url = {https://www.ncbi.nlm.nih.gov/pubmed/29486574},
   year = {2018},
   type = {Journal Article}
}

@article{RN33,
   author = {Jo, H. and Koh, G.},
   title = {Faster single-end alignment generation utilizing multi-thread for BWA},
   journal = {Biomed Mater Eng},
   volume = {26 Suppl 1},
   pages = {S1791-6},
   ISSN = {1878-3619 (Electronic)
0959-2989 (Linking)},
   DOI = {10.3233/BME-151480},
   url = {https://www.ncbi.nlm.nih.gov/pubmed/26405948},
   year = {2015},
   type = {Journal Article}
}

@article{RN2929,
   author = {Jovel, J. and Patterson, J. and Wang, W. and Hotte, N. and O'Keefe, S. and Mitchel, T. and Perry, T. and Kao, D. and Mason, A. L. and Madsen, K. L. and Wong, G. K.},
   title = {Characterization of the Gut Microbiome Using 16S or Shotgun Metagenomics},
   journal = {Front Microbiol},
   volume = {7},
   pages = {459},
   ISSN = {1664-302X (Print)
1664-302X (Linking)},
   DOI = {10.3389/fmicb.2016.00459},
   url = {https://www.ncbi.nlm.nih.gov/pubmed/27148170},
   year = {2016},
   type = {Journal Article}
}

@article{RN20,
   author = {Kaisers, W. and Schaal, H. and Schwender, H.},
   title = {rbamtools: an R interface to samtools enabling fast accumulative tabulation of splicing events over multiple RNA-seq samples},
   journal = {Bioinformatics},
   volume = {31},
   number = {10},
   pages = {1663-4},
   ISSN = {1367-4811 (Electronic)
1367-4803 (Linking)},
   DOI = {10.1093/bioinformatics/btu846},
   url = {https://www.ncbi.nlm.nih.gov/pubmed/25563331},
   year = {2015},
   type = {Journal Article}
}

@article{RN74,
   author = {Kang, D. D. and Froula, J. and Egan, R. and Wang, Z.},
   title = {MetaBAT, an efficient tool for accurately reconstructing single genomes from complex microbial communities},
   journal = {PeerJ},
   volume = {3},
   pages = {e1165},
   ISSN = {2167-8359 (Print)
2167-8359 (Linking)},
   DOI = {10.7717/peerj.1165},
   url = {https://www.ncbi.nlm.nih.gov/pubmed/26336640},
   year = {2015},
   type = {Journal Article}
}

@article{RN73,
   author = {Kang, D. D. and Li, F. and Kirton, E. and Thomas, A. and Egan, R. and An, H. and Wang, Z.},
   title = {MetaBAT 2: an adaptive binning algorithm for robust and efficient genome reconstruction from metagenome assemblies},
   journal = {PeerJ},
   volume = {7},
   pages = {e7359},
   ISSN = {2167-8359 (Print)
2167-8359 (Linking)},
   DOI = {10.7717/peerj.7359},
   url = {https://www.ncbi.nlm.nih.gov/pubmed/31388474},
   year = {2019},
   type = {Journal Article}
}

@article{RN49,
   author = {Keel, B. N. and Snelling, W. M.},
   title = {Comparison of Burrows-Wheeler Transform-Based Mapping Algorithms Used in High-Throughput Whole-Genome Sequencing: Application to Illumina Data for Livestock Genomes},
   journal = {Front Genet},
   volume = {9},
   pages = {35},
   ISSN = {1664-8021 (Print)
1664-8021 (Linking)},
   DOI = {10.3389/fgene.2018.00035},
   url = {https://www.ncbi.nlm.nih.gov/pubmed/29535759},
   year = {2018},
   type = {Journal Article}
}

@article{RN30,
   author = {Keith, M. H. and Blomquist, G. E. and Flinn, M. V.},
   title = {Anthropometric heritability and child growth in a Caribbean village: A quantitative genetic analysis of longitudinal height, weight, and body mass index in Bwa Mawego, Dominica},
   journal = {Am J Phys Anthropol},
   volume = {170},
   number = {3},
   pages = {393-403},
   ISSN = {1096-8644 (Electronic)
0002-9483 (Linking)},
   DOI = {10.1002/ajpa.23924},
   url = {https://www.ncbi.nlm.nih.gov/pubmed/31460671},
   year = {2019},
   type = {Journal Article}
}

@article{RN223,
   author = {Killcoyne, S. and Carter, G. W. and Smith, J. and Boyle, J.},
   title = {Cytoscape: a community-based framework for network modeling},
   journal = {Methods Mol Biol},
   volume = {563},
   pages = {219-39},
   ISSN = {1064-3745 (Print)
1064-3745 (Linking)},
   DOI = {10.1007/978-1-60761-175-2_12},
   url = {https://www.ncbi.nlm.nih.gov/pubmed/19597788},
   year = {2009},
   type = {Journal Article}
}

@article{RN2913,
   author = {Kim, J. and Cho, Y. and Seo, M. R. and Bae, M. H. and Kim, B. and Rho, M. and Pai, H.},
   title = {Quantitative characterization of Clostridioides difficile population in the gut microbiome of patients with C. difficile infection and their association with clinical factors},
   journal = {Sci Rep},
   volume = {10},
   number = {1},
   pages = {17608},
   ISSN = {2045-2322 (Electronic)
2045-2322 (Linking)},
   DOI = {10.1038/s41598-020-74090-0},
   url = {https://www.ncbi.nlm.nih.gov/pubmed/33077744},
   year = {2020},
   type = {Journal Article}
}

@article{RN53,
   author = {Kimura, K. and Koike, A.},
   title = {Analysis of genomic rearrangements by using the Burrows-Wheeler transform of short-read data},
   journal = {BMC Bioinformatics},
   volume = {16 Suppl 18},
   pages = {S5},
   ISSN = {1471-2105 (Electronic)
1471-2105 (Linking)},
   DOI = {10.1186/1471-2105-16-S18-S5},
   url = {https://www.ncbi.nlm.nih.gov/pubmed/26678411},
   year = {2015},
   type = {Journal Article}
}

@article{RN55,
   author = {Kimura, K. and Koike, A.},
   title = {Ultrafast SNP analysis using the Burrows-Wheeler transform of short-read data},
   journal = {Bioinformatics},
   volume = {31},
   number = {10},
   pages = {1577-83},
   ISSN = {1367-4811 (Electronic)
1367-4803 (Linking)},
   DOI = {10.1093/bioinformatics/btv024},
   url = {https://www.ncbi.nlm.nih.gov/pubmed/25609790},
   year = {2015},
   type = {Journal Article}
}

@article{RN48,
   author = {Kimura, K. and Koike, A.},
   title = {Parallel Computation of the Burrows-Wheeler Transform of Short Reads Using Prefix Parallelism},
   journal = {IEEE/ACM Trans Comput Biol Bioinform},
   volume = {16},
   number = {1},
   pages = {3-13},
   ISSN = {1557-9964 (Electronic)
1545-5963 (Linking)},
   DOI = {10.1109/TCBB.2018.2837749},
   url = {https://www.ncbi.nlm.nih.gov/pubmed/29994538},
   year = {2019},
   type = {Journal Article}
}

@article{RN229,
   author = {Kincaid, R. and Kuchinsky, A. and Creech, M.},
   title = {VistaClara: an expression browser plug-in for Cytoscape},
   journal = {Bioinformatics},
   volume = {24},
   number = {18},
   pages = {2112-4},
   ISSN = {1367-4811 (Electronic)
1367-4803 (Linking)},
   DOI = {10.1093/bioinformatics/btn368},
   url = {https://www.ncbi.nlm.nih.gov/pubmed/18678589},
   year = {2008},
   type = {Journal Article}
}

@article{RN2931,
   author = {Kirschner, R. and Hsu, T. and Tuan, N. N. and Chen, C. L. and Huang, S. L.},
   title = {Characterization of fungal and bacterial components in gut/fecal microbiome},
   journal = {Curr Drug Metab},
   volume = {16},
   number = {4},
   pages = {272-83},
   ISSN = {1875-5453 (Electronic)
1389-2002 (Linking)},
   DOI = {10.2174/1389200216666150812124625},
   url = {https://www.ncbi.nlm.nih.gov/pubmed/26264196},
   year = {2015},
   type = {Journal Article}
}

@article{RN138,
   author = {Kittas, A. and Barozet, A. and Sereshti, J. and Grabe, N. and Tsoka, S.},
   title = {CytoASP: a Cytoscape app for qualitative consistency reasoning, prediction and repair in biological networks},
   journal = {BMC Syst Biol},
   volume = {9},
   pages = {34},
   ISSN = {1752-0509 (Electronic)
1752-0509 (Linking)},
   DOI = {10.1186/s12918-015-0179-6},
   url = {https://www.ncbi.nlm.nih.gov/pubmed/26163265},
   year = {2015},
   type = {Journal Article}
}

@article{RN2967,
   author = {Klumpp, J. and Fouts, D. E. and Sozhamannan, S.},
   title = {Next generation sequencing technologies and the changing landscape of phage genomics},
   journal = {Bacteriophage},
   volume = {2},
   number = {3},
   pages = {190-199},
   ISSN = {2159-7073 (Print)
2159-7073 (Linking)},
   DOI = {10.4161/bact.22111},
   url = {https://www.ncbi.nlm.nih.gov/pubmed/23275870},
   year = {2012},
   type = {Journal Article}
}

@article{RN143,
   author = {Kofia, V. and Isserlin, R. and Buchan, A. M. and Bader, G. D.},
   title = {Social Network: a Cytoscape app for visualizing co-authorship networks},
   journal = {F1000Res},
   volume = {4},
   pages = {481},
   ISSN = {2046-1402 (Print)
2046-1402 (Linking)},
   DOI = {10.12688/f1000research.6804.3},
   url = {https://www.ncbi.nlm.nih.gov/pubmed/26949516},
   year = {2015},
   type = {Journal Article}
}

@article{RN210,
   author = {Kohl, M. and Wiese, S. and Warscheid, B.},
   title = {Cytoscape: software for visualization and analysis of biological networks},
   journal = {Methods Mol Biol},
   volume = {696},
   pages = {291-303},
   ISSN = {1940-6029 (Electronic)
1064-3745 (Linking)},
   DOI = {10.1007/978-1-60761-987-1_18},
   url = {https://www.ncbi.nlm.nih.gov/pubmed/21063955},
   year = {2011},
   type = {Journal Article}
}

@article{RN71,
   author = {Kolmogorov, M. and Bickhart, D. M. and Behsaz, B. and Gurevich, A. and Rayko, M. and Shin, S. B. and Kuhn, K. and Yuan, J. and Polevikov, E. and Smith, T. P. L. and Pevzner, P. A.},
   title = {metaFlye: scalable long-read metagenome assembly using repeat graphs},
   journal = {Nat Methods},
   volume = {17},
   number = {11},
   pages = {1103-1110},
   ISSN = {1548-7105 (Electronic)
1548-7091 (Linking)},
   DOI = {10.1038/s41592-020-00971-x},
   url = {https://www.ncbi.nlm.nih.gov/pubmed/33020656},
   year = {2020},
   type = {Journal Article}
}

@article{RN70,
   author = {Kong, N. and Ng, W. and Thao, K. and Agulto, R. and Weis, A. and Kim, K. S. and Korlach, J. and Hickey, L. and Kelly, L. and Lappin, S. and Weimer, B. C.},
   title = {Automation of PacBio SMRTbell NGS library preparation for bacterial genome sequencing},
   journal = {Stand Genomic Sci},
   volume = {12},
   pages = {27},
   ISSN = {1944-3277 (Print)
1944-3277 (Linking)},
   DOI = {10.1186/s40793-017-0239-1},
   url = {https://www.ncbi.nlm.nih.gov/pubmed/28344744},
   year = {2017},
   type = {Journal Article}
}

@article{RN191,
   author = {Konig, M. and Drager, A. and Holzhutter, H. G.},
   title = {CySBML: a Cytoscape plugin for SBML},
   journal = {Bioinformatics},
   volume = {28},
   number = {18},
   pages = {2402-3},
   ISSN = {1367-4811 (Electronic)
1367-4803 (Linking)},
   DOI = {10.1093/bioinformatics/bts432},
   url = {https://www.ncbi.nlm.nih.gov/pubmed/22772946},
   year = {2012},
   type = {Journal Article}
}

@article{RN218,
   author = {Konig, M. and Holzhutter, H. G.},
   title = {Fluxviz - Cytoscape plug-in for visualization of flux distributions in networks},
   journal = {Genome Inform},
   volume = {24},
   pages = {96-103},
   ISSN = {0919-9454 (Print)
0919-9454 (Linking)},
   url = {https://www.ncbi.nlm.nih.gov/pubmed/22081592},
   year = {2010},
   type = {Journal Article}
}

@article{RN2958,
   author = {Korten, I. and Mika, M. and Klenja, S. and Kieninger, E. and Mack, I. and Barbani, M. T. and Gorgievski, M. and Frey, U. and Hilty, M. and Latzin, P.},
   title = {Interactions of Respiratory Viruses and the Nasal Microbiota during the First Year of Life in Healthy Infants},
   journal = {mSphere},
   volume = {1},
   number = {6},
   ISSN = {2379-5042 (Print)
2379-5042 (Linking)},
   DOI = {10.1128/mSphere.00312-16},
   url = {https://www.ncbi.nlm.nih.gov/pubmed/27904883},
   year = {2016},
   type = {Journal Article}
}

@article{RN120,
   author = {Kucera, M. and Isserlin, R. and Arkhangorodsky, A. and Bader, G. D.},
   title = {AutoAnnotate: A Cytoscape app for summarizing networks with semantic annotations},
   journal = {F1000Res},
   volume = {5},
   pages = {1717},
   ISSN = {2046-1402 (Print)
2046-1402 (Linking)},
   DOI = {10.12688/f1000research.9090.1},
   url = {https://www.ncbi.nlm.nih.gov/pubmed/27830058},
   year = {2016},
   type = {Journal Article}
}

@article{RN60,
   author = {Kulekci, M. O. and Vitter, J. S. and Xu, B.},
   title = {Efficient maximal repeat finding using the burrows-wheeler transform and wavelet tree},
   journal = {IEEE/ACM Trans Comput Biol Bioinform},
   volume = {9},
   number = {2},
   pages = {421-9},
   ISSN = {1557-9964 (Electronic)
1545-5963 (Linking)},
   DOI = {10.1109/TCBB.2011.127},
   url = {https://www.ncbi.nlm.nih.gov/pubmed/21968959},
   year = {2012},
   type = {Journal Article}
}

@article{RN98,
   author = {Kutmon, M. and Ehrhart, F. and Willighagen, E. L. and Evelo, C. T. and Coort, S. L.},
   title = {CyTargetLinker app update: A flexible solution for network extension in Cytoscape},
   journal = {F1000Res},
   volume = {7},
   ISSN = {2046-1402 (Electronic)
2046-1402 (Linking)},
   DOI = {10.12688/f1000research.14613.2},
   url = {https://www.ncbi.nlm.nih.gov/pubmed/31489175},
   year = {2018},
   type = {Journal Article}
}

@article{RN171,
   author = {Kutmon, M. and Kelder, T. and Mandaviya, P. and Evelo, C. T. and Coort, S. L.},
   title = {CyTargetLinker: a cytoscape app to integrate regulatory interactions in network analysis},
   journal = {PLoS One},
   volume = {8},
   number = {12},
   pages = {e82160},
   ISSN = {1932-6203 (Electronic)
1932-6203 (Linking)},
   DOI = {10.1371/journal.pone.0082160},
   url = {https://www.ncbi.nlm.nih.gov/pubmed/24340000},
   year = {2013},
   type = {Journal Article}
}

@article{RN159,
   author = {Kutmon, M. and Lotia, S. and Evelo, C. T. and Pico, A. R.},
   title = {WikiPathways App for Cytoscape: Making biological pathways amenable to network analysis and visualization},
   journal = {F1000Res},
   volume = {3},
   pages = {152},
   ISSN = {2046-1402 (Print)
2046-1402 (Linking)},
   DOI = {10.12688/f1000research.4254.2},
   url = {https://www.ncbi.nlm.nih.gov/pubmed/25254103},
   year = {2014},
   type = {Journal Article}
}

@article{RN2969,
   author = {Lapidus, A. L. and Korobeynikov, A. I.},
   title = {Metagenomic Data Assembly - The Way of Decoding Unknown Microorganisms},
   journal = {Front Microbiol},
   volume = {12},
   pages = {613791},
   ISSN = {1664-302X (Print)
1664-302X (Linking)},
   DOI = {10.3389/fmicb.2021.613791},
   url = {https://www.ncbi.nlm.nih.gov/pubmed/33833738},
   year = {2021},
   type = {Journal Article}
}

@article{RN109,
   author = {Larsen, S. J. and Baumbach, J.},
   title = {CytoMCS: A Multiple Maximum Common Subgraph Detection Tool for Cytoscape},
   journal = {J Integr Bioinform},
   volume = {14},
   number = {2},
   ISSN = {1613-4516 (Electronic)
1613-4516 (Linking)},
   DOI = {10.1515/jib-2017-0014},
   url = {https://www.ncbi.nlm.nih.gov/pubmed/28731857},
   year = {2017},
   type = {Journal Article}
}

@article{RN217,
   author = {Laukens, K. and Hollunder, J. and Dang, T. H. and De Jaeger, G. and Kuiper, M. and Witters, E. and Verschoren, A. and Van Leemput, K.},
   title = {Flexible network reconstruction from relational databases with Cytoscape and CytoSQL},
   journal = {BMC Bioinformatics},
   volume = {11},
   pages = {360},
   ISSN = {1471-2105 (Electronic)
1471-2105 (Linking)},
   DOI = {10.1186/1471-2105-11-360},
   url = {https://www.ncbi.nlm.nih.gov/pubmed/20594316},
   year = {2010},
   type = {Journal Article}
}

@article{RN204,
   author = {Le, D. H. and Kwon, Y. K.},
   title = {NetDS: a Cytoscape plugin to analyze the robustness of dynamics and feedforward/feedback loop structures of biological networks},
   journal = {Bioinformatics},
   volume = {27},
   number = {19},
   pages = {2767-8},
   ISSN = {1367-4811 (Electronic)
1367-4803 (Linking)},
   DOI = {10.1093/bioinformatics/btr466},
   url = {https://www.ncbi.nlm.nih.gov/pubmed/21828085},
   year = {2011},
   type = {Journal Article}
}

@article{RN195,
   author = {Le, D. H. and Kwon, Y. K.},
   title = {GPEC: a Cytoscape plug-in for random walk-based gene prioritization and biomedical evidence collection},
   journal = {Comput Biol Chem},
   volume = {37},
   pages = {17-23},
   ISSN = {1476-928X (Electronic)
1476-9271 (Linking)},
   DOI = {10.1016/j.compbiolchem.2012.02.004},
   url = {https://www.ncbi.nlm.nih.gov/pubmed/22430954},
   year = {2012},
   type = {Journal Article}
}

@article{RN110,
   author = {Le, D. H. and Pham, V. H.},
   title = {HGPEC: a Cytoscape app for prediction of novel disease-gene and disease-disease associations and evidence collection based on a random walk on heterogeneous network},
   journal = {BMC Syst Biol},
   volume = {11},
   number = {1},
   pages = {61},
   ISSN = {1752-0509 (Electronic)
1752-0509 (Linking)},
   DOI = {10.1186/s12918-017-0437-x},
   url = {https://www.ncbi.nlm.nih.gov/pubmed/28619054},
   year = {2017},
   type = {Journal Article}
}

@article{RN79,
   author = {Legeay, M. and Doncheva, N. T. and Morris, J. H. and Jensen, L. J.},
   title = {Visualize omics data on networks with Omics Visualizer, a Cytoscape App},
   journal = {F1000Res},
   volume = {9},
   pages = {157},
   ISSN = {2046-1402 (Electronic)
2046-1402 (Linking)},
   DOI = {10.12688/f1000research.22280.2},
   url = {https://www.ncbi.nlm.nih.gov/pubmed/32399202},
   year = {2020},
   type = {Journal Article}
}

@article{RN2951,
   author = {Lerner, A. and Ramesh, A. and Matthias, T.},
   title = {The Revival of the Battle between David and Goliath in the Enteric Viruses and Microbiota Struggle: Potential Implication for Celiac Disease},
   journal = {Microorganisms},
   volume = {7},
   number = {6},
   ISSN = {2076-2607 (Print)
2076-2607 (Linking)},
   DOI = {10.3390/microorganisms7060173},
   url = {https://www.ncbi.nlm.nih.gov/pubmed/31207872},
   year = {2019},
   type = {Journal Article}
}

@article{RN27,
   author = {Li, D. and Liu, C. M. and Luo, R. and Sadakane, K. and Lam, T. W.},
   title = {MEGAHIT: an ultra-fast single-node solution for large and complex metagenomics assembly via succinct de Bruijn graph},
   journal = {Bioinformatics},
   volume = {31},
   number = {10},
   pages = {1674-6},
   ISSN = {1367-4811 (Electronic)
1367-4803 (Linking)},
   DOI = {10.1093/bioinformatics/btv033},
   url = {https://www.ncbi.nlm.nih.gov/pubmed/25609793},
   year = {2015},
   type = {Journal Article}
}

@article{RN26,
   author = {Li, D. and Luo, R. and Liu, C. M. and Leung, C. M. and Ting, H. F. and Sadakane, K. and Yamashita, H. and Lam, T. W.},
   title = {MEGAHIT v1.0: A fast and scalable metagenome assembler driven by advanced methodologies and community practices},
   journal = {Methods},
   volume = {102},
   pages = {3-11},
   ISSN = {1095-9130 (Electronic)
1046-2023 (Linking)},
   DOI = {10.1016/j.ymeth.2016.02.020},
   url = {https://www.ncbi.nlm.nih.gov/pubmed/27012178},
   year = {2016},
   type = {Journal Article}
}

@article{RN65,
   author = {Li, H. and Durbin, R.},
   title = {Fast and accurate short read alignment with Burrows-Wheeler transform},
   journal = {Bioinformatics},
   volume = {25},
   number = {14},
   pages = {1754-60},
   ISSN = {1367-4811 (Electronic)
1367-4803 (Linking)},
   DOI = {10.1093/bioinformatics/btp324},
   url = {https://www.ncbi.nlm.nih.gov/pubmed/19451168},
   year = {2009},
   type = {Journal Article}
}

@article{RN62,
   author = {Li, H. and Durbin, R.},
   title = {Fast and accurate long-read alignment with Burrows-Wheeler transform},
   journal = {Bioinformatics},
   volume = {26},
   number = {5},
   pages = {589-95},
   ISSN = {1367-4811 (Electronic)
1367-4803 (Linking)},
   DOI = {10.1093/bioinformatics/btp698},
   url = {https://www.ncbi.nlm.nih.gov/pubmed/20080505},
   year = {2010},
   type = {Journal Article}
}

@article{RN22,
   author = {Li, H. and Handsaker, B. and Wysoker, A. and Fennell, T. and Ruan, J. and Homer, N. and Marth, G. and Abecasis, G. and Durbin, R. and Genome Project Data Processing, Subgroup},
   title = {The Sequence Alignment/Map format and SAMtools},
   journal = {Bioinformatics},
   volume = {25},
   number = {16},
   pages = {2078-9},
   ISSN = {1367-4811 (Electronic)
1367-4803 (Linking)},
   DOI = {10.1093/bioinformatics/btp352},
   url = {https://www.ncbi.nlm.nih.gov/pubmed/19505943},
   year = {2009},
   type = {Journal Article}
}

@article{RN107,
   author = {Li, M. and Li, D. and Tang, Y. and Wu, F. and Wang, J.},
   title = {CytoCluster: A Cytoscape Plugin for Cluster Analysis and Visualization of Biological Networks},
   journal = {Int J Mol Sci},
   volume = {18},
   number = {9},
   ISSN = {1422-0067 (Electronic)
1422-0067 (Linking)},
   DOI = {10.3390/ijms18091880},
   url = {https://www.ncbi.nlm.nih.gov/pubmed/28858211},
   year = {2017},
   type = {Journal Article}
}

@article{RN100,
   author = {Li, M. and Yang, J. and Wu, F. X. and Pan, Y. and Wang, J.},
   title = {DyNetViewer: a Cytoscape app for dynamic network construction, analysis and visualization},
   journal = {Bioinformatics},
   volume = {34},
   number = {9},
   pages = {1597-1599},
   ISSN = {1367-4811 (Electronic)
1367-4803 (Linking)},
   DOI = {10.1093/bioinformatics/btx821},
   url = {https://www.ncbi.nlm.nih.gov/pubmed/29293938},
   year = {2018},
   type = {Journal Article}
}

@article{RN2956,
   author = {Li, S. and Zhou, C. and Chen, G. and Zhou, Y.},
   title = {Bacterial microbiota in small brown planthopper populations with different rice viruses},
   journal = {J Basic Microbiol},
   volume = {57},
   number = {7},
   pages = {590-596},
   ISSN = {1521-4028 (Electronic)
0233-111X (Linking)},
   DOI = {10.1002/jobm.201700004},
   url = {https://www.ncbi.nlm.nih.gov/pubmed/28471518},
   year = {2017},
   type = {Journal Article}
}

@article{RN2919,
   author = {Li, Y. F. and Xu, J. K. and Chen, Y. W. and Ding, W. Y. and Shao, A. Q. and Liang, X. and Zhu, Y. T. and Yang, J. L.},
   title = {Characterization of Gut Microbiome in the Mussel Mytilus galloprovincialis in Response to Thermal Stress},
   journal = {Front Physiol},
   volume = {10},
   pages = {1086},
   ISSN = {1664-042X (Print)
1664-042X (Linking)},
   DOI = {10.3389/fphys.2019.01086},
   url = {https://www.ncbi.nlm.nih.gov/pubmed/31507449},
   year = {2019},
   type = {Journal Article}
}

@article{RN174,
   author = {Ligtenberg, W. P. and Bosnacki, D. and Hilbers, P. A.},
   title = {Reconn: a cytoscape plug-in for exploring and visualizing reactome},
   journal = {J Bioinform Comput Biol},
   volume = {11},
   number = {4},
   pages = {1350004},
   ISSN = {1757-6334 (Electronic)
0219-7200 (Linking)},
   DOI = {10.1142/S0219720013500042},
   url = {https://www.ncbi.nlm.nih.gov/pubmed/23859268},
   year = {2013},
   type = {Journal Article}
}

@article{RN76,
   author = {Lima, D. B. and Zhu, Y. and Liu, F.},
   title = {XlinkCyNET: A Cytoscape Application for Visualization of Protein Interaction Networks Based on Cross-Linking Mass Spectrometry Identifications},
   journal = {J Proteome Res},
   volume = {20},
   number = {4},
   pages = {1943-1950},
   ISSN = {1535-3907 (Electronic)
1535-3893 (Linking)},
   DOI = {10.1021/acs.jproteome.0c00957},
   url = {https://www.ncbi.nlm.nih.gov/pubmed/33689356},
   year = {2021},
   type = {Journal Article}
}

@article{RN2997,
   author = {Lin, D. M. and Koskella, B. and Ritz, N. L. and Lin, D. and Carroll-Portillo, A. and Lin, H. C.},
   title = {Transplanting Fecal Virus-Like Particles Reduces High-Fat Diet-Induced Small Intestinal Bacterial Overgrowth in Mice},
   journal = {Front Cell Infect Microbiol},
   volume = {9},
   pages = {348},
   ISSN = {2235-2988 (Electronic)
2235-2988 (Linking)},
   DOI = {10.3389/fcimb.2019.00348},
   url = {https://www.ncbi.nlm.nih.gov/pubmed/31750259},
   year = {2019},
   type = {Journal Article}
}

@article{RN67,
   author = {Lippert, R. A. and Mobarry, C. M. and Walenz, B. P.},
   title = {A space-efficient construction of the Burrows-Wheeler transform for genomic data},
   journal = {J Comput Biol},
   volume = {12},
   number = {7},
   pages = {943-51},
   ISSN = {1066-5277 (Print)
1066-5277 (Linking)},
   DOI = {10.1089/cmb.2005.12.943},
   url = {https://www.ncbi.nlm.nih.gov/pubmed/16201914},
   year = {2005},
   type = {Journal Article}
}

@article{RN51,
   author = {Liu, B. and Zhu, D. and Wang, Y.},
   title = {deBWT: parallel construction of Burrows-Wheeler Transform for large collection of genomes with de Bruijn-branch encoding},
   journal = {Bioinformatics},
   volume = {32},
   number = {12},
   pages = {i174-i182},
   ISSN = {1367-4811 (Electronic)
1367-4803 (Linking)},
   DOI = {10.1093/bioinformatics/btw266},
   url = {https://www.ncbi.nlm.nih.gov/pubmed/27307614},
   year = {2016},
   type = {Journal Article}
}

@article{RN52,
   author = {Liu, Y. and Hankeln, T. and Schmidt, B.},
   title = {Parallel and Space-Efficient Construction of Burrows-Wheeler Transform and Suffix Array for Big Genome Data},
   journal = {IEEE/ACM Trans Comput Biol Bioinform},
   volume = {13},
   number = {3},
   pages = {592-8},
   ISSN = {1557-9964 (Electronic)
1545-5963 (Linking)},
   DOI = {10.1109/TCBB.2015.2430314},
   url = {https://www.ncbi.nlm.nih.gov/pubmed/27295644},
   year = {2016},
   type = {Journal Article}
}

@article{RN57,
   author = {Liu, Y. and Schmidt, B. and Maskell, D. L.},
   title = {CUSHAW: a CUDA compatible short read aligner to large genomes based on the Burrows-Wheeler transform},
   journal = {Bioinformatics},
   volume = {28},
   number = {14},
   pages = {1830-7},
   ISSN = {1367-4811 (Electronic)
1367-4803 (Linking)},
   DOI = {10.1093/bioinformatics/bts276},
   url = {https://www.ncbi.nlm.nih.gov/pubmed/22576173},
   year = {2012},
   type = {Journal Article}
}

@article{RN216,
   author = {Lopes, C. T. and Franz, M. and Kazi, F. and Donaldson, S. L. and Morris, Q. and Bader, G. D.},
   title = {Cytoscape Web: an interactive web-based network browser},
   journal = {Bioinformatics},
   volume = {26},
   number = {18},
   pages = {2347-8},
   ISSN = {1367-4811 (Electronic)
1367-4803 (Linking)},
   DOI = {10.1093/bioinformatics/btq430},
   url = {https://www.ncbi.nlm.nih.gov/pubmed/20656902},
   year = {2010},
   type = {Journal Article}
}

@article{RN180,
   author = {Lotia, S. and Montojo, J. and Dong, Y. and Bader, G. D. and Pico, A. R.},
   title = {Cytoscape app store},
   journal = {Bioinformatics},
   volume = {29},
   number = {10},
   pages = {1350-1},
   ISSN = {1367-4811 (Electronic)
1367-4803 (Linking)},
   DOI = {10.1093/bioinformatics/btt138},
   url = {https://www.ncbi.nlm.nih.gov/pubmed/23595664},
   year = {2013},
   type = {Journal Article}
}

@article{RN2889,
   author = {Lu, J. and Salzberg, S. L.},
   title = {Ultrafast and accurate 16S rRNA microbial community analysis using Kraken 2},
   journal = {Microbiome},
   volume = {8},
   number = {1},
   pages = {124},
   ISSN = {2049-2618 (Electronic)
2049-2618 (Linking)},
   DOI = {10.1186/s40168-020-00900-2},
   url = {https://www.ncbi.nlm.nih.gov/pubmed/32859275},
   year = {2020},
   type = {Journal Article}
}

@article{RN2912,
   author = {Madsen, M. S. A. and Gronlund, R. V. and Eid, J. and Christensen-Dalsgaard, M. and Sommer, M. and Rigbolt, K. and Madsen, M. R. and Jelsing, J. and Vrang, N. and Hansen, H. H. and Mikkelsen, M.},
   title = {Characterization of local gut microbiome and intestinal transcriptome responses to rosiglitazone treatment in diabetic db/db mice},
   journal = {Biomed Pharmacother},
   volume = {133},
   pages = {110966},
   ISSN = {1950-6007 (Electronic)
0753-3322 (Linking)},
   DOI = {10.1016/j.biopha.2020.110966},
   url = {https://www.ncbi.nlm.nih.gov/pubmed/33171401},
   year = {2021},
   type = {Journal Article}
}

@article{RN243,
   author = {Maere, S. and Heymans, K. and Kuiper, M.},
   title = {BiNGO: a Cytoscape plugin to assess overrepresentation of gene ontology categories in biological networks},
   journal = {Bioinformatics},
   volume = {21},
   number = {16},
   pages = {3448-9},
   ISSN = {1367-4803 (Print)
1367-4803 (Linking)},
   DOI = {10.1093/bioinformatics/bti551},
   url = {https://www.ncbi.nlm.nih.gov/pubmed/15972284},
   year = {2005},
   type = {Journal Article}
}

@article{RN2991,
   author = {Maguire, F. and Jia, B. and Gray, K. L. and Lau, W. Y. V. and Beiko, R. G. and Brinkman, F. S. L.},
   title = {Metagenome-assembled genome binning methods with short reads disproportionately fail for plasmids and genomic Islands},
   journal = {Microb Genom},
   volume = {6},
   number = {10},
   ISSN = {2057-5858 (Electronic)
2057-5858 (Linking)},
   DOI = {10.1099/mgen.0.000436},
   url = {https://www.ncbi.nlm.nih.gov/pubmed/33001022},
   year = {2020},
   type = {Journal Article}
}

@article{RN129,
   author = {Malek, M. and Ibragimov, R. and Albrecht, M. and Baumbach, J.},
   title = {CytoGEDEVO-global alignment of biological networks with Cytoscape},
   journal = {Bioinformatics},
   volume = {32},
   number = {8},
   pages = {1259-61},
   ISSN = {1367-4811 (Electronic)
1367-4803 (Linking)},
   DOI = {10.1093/bioinformatics/btv732},
   url = {https://www.ncbi.nlm.nih.gov/pubmed/26669930},
   year = {2016},
   type = {Journal Article}
}

@article{RN2975,
   author = {Marbouty, M. and Baudry, L. and Cournac, A. and Koszul, R.},
   title = {Scaffolding bacterial genomes and probing host-virus interactions in gut microbiome by proximity ligation (chromosome capture) assay},
   journal = {Sci Adv},
   volume = {3},
   number = {2},
   pages = {e1602105},
   ISSN = {2375-2548 (Electronic)
2375-2548 (Linking)},
   DOI = {10.1126/sciadv.1602105},
   url = {https://www.ncbi.nlm.nih.gov/pubmed/28232956},
   year = {2017},
   type = {Journal Article}
}

@article{RN2983,
   author = {Marbouty, M. and Baudry, L. and Cournac, A. and Koszul, R.},
   title = {Scaffolding bacterial genomes and probing host-virus interactions in gut microbiome by proximity ligation (chromosome capture) assay},
   journal = {Sci Adv},
   volume = {3},
   number = {2},
   pages = {e1602105},
   ISSN = {2375-2548 (Electronic)
2375-2548 (Linking)},
   DOI = {10.1126/sciadv.1602105},
   url = {https://www.ncbi.nlm.nih.gov/pubmed/28232956},
   year = {2017},
   type = {Journal Article}
}

@article{RN2993,
   author = {Marbouty, M. and Cournac, A. and Flot, J. F. and Marie-Nelly, H. and Mozziconacci, J. and Koszul, R.},
   title = {Metagenomic chromosome conformation capture (meta3C) unveils the diversity of chromosome organization in microorganisms},
   journal = {Elife},
   volume = {3},
   pages = {e03318},
   ISSN = {2050-084X (Electronic)
2050-084X (Linking)},
   DOI = {10.7554/eLife.03318},
   url = {https://www.ncbi.nlm.nih.gov/pubmed/25517076},
   year = {2014},
   type = {Journal Article}
}

@article{RN2976,
   author = {Marbouty, M. and Thierry, A. and Millot, G. A. and Koszul, R.},
   title = {MetaHiC phage-bacteria infection network reveals active cycling phages of the healthy human gut},
   journal = {Elife},
   volume = {10},
   ISSN = {2050-084X (Electronic)
2050-084X (Linking)},
   DOI = {10.7554/eLife.60608},
   url = {https://www.ncbi.nlm.nih.gov/pubmed/33634788},
   year = {2021},
   type = {Journal Article}
}

@article{RN2989,
   author = {Martinez-Garcia, M. and Santos, F. and Moreno-Paz, M. and Parro, V. and Anton, J.},
   title = {Unveiling viral-host interactions within the 'microbial dark matter'},
   journal = {Nat Commun},
   volume = {5},
   pages = {4542},
   ISSN = {2041-1723 (Electronic)
2041-1723 (Linking)},
   DOI = {10.1038/ncomms5542},
   url = {https://www.ncbi.nlm.nih.gov/pubmed/25119473},
   year = {2014},
   type = {Journal Article}
}

@article{RN190,
   author = {Masoudi-Nejad, A. and Ansariola, M. and Kashani, Z. R. and Salehzadeh-Yazdi, A. and Khakabimamaghani, S.},
   title = {CytoKavosh: a cytoscape plug-in for finding network motifs in large biological networks},
   journal = {PLoS One},
   volume = {7},
   number = {8},
   pages = {e43287},
   ISSN = {1932-6203 (Electronic)
1932-6203 (Linking)},
   DOI = {10.1371/journal.pone.0043287},
   url = {https://www.ncbi.nlm.nih.gov/pubmed/22952659},
   year = {2012},
   type = {Journal Article}
}

@article{RN2887,
   author = {Meier-Kolthoff, J. P. and Goker, M.},
   title = {VICTOR: genome-based phylogeny and classification of prokaryotic viruses},
   journal = {Bioinformatics},
   volume = {33},
   number = {21},
   pages = {3396-3404},
   ISSN = {1367-4811 (Electronic)
1367-4803 (Linking)},
   DOI = {10.1093/bioinformatics/btx440},
   url = {https://www.ncbi.nlm.nih.gov/pubmed/29036289},
   year = {2017},
   type = {Journal Article}
}

@article{RN3,
   author = {Meisel, J. S. and Nasko, D. J. and Brubach, B. and Cepeda-Espinoza, V. and Chopyk, J. and Corrada-Bravo, H. and Fedarko, M. and Ghurye, J. and Javkar, K. and Olson, N. D. and Shah, N. and Allard, S. M. and Bazinet, A. L. and Bergman, N. H. and Brown, A. and Caporaso, J. G. and Conlan, S. and DiRuggiero, J. and Forry, S. P. and Hasan, N. A. and Kralj, J. and Luethy, P. M. and Milton, D. K. and Ondov, B. D. and Preheim, S. and Ratnayake, S. and Rogers, S. M. and Rosovitz, M. J. and Sakowski, E. G. and Schliebs, N. O. and Sommer, D. D. and Ternus, K. L. and Uritskiy, G. and Zhang, S. X. and Pop, M. and Treangen, T. J.},
   title = {Current progress and future opportunities in applications of bioinformatics for biodefense and pathogen detection: report from the Winter Mid-Atlantic Microbiome Meet-up, College Park, MD, January 10, 2018},
   journal = {Microbiome},
   volume = {6},
   number = {1},
   pages = {197},
   ISSN = {2049-2618 (Electronic)
2049-2618 (Linking)},
   DOI = {10.1186/s40168-018-0582-5},
   url = {https://www.ncbi.nlm.nih.gov/pubmed/30396371},
   year = {2018},
   type = {Journal Article}
}

@article{RN203,
   author = {Merico, D. and Isserlin, R. and Bader, G. D.},
   title = {Visualizing gene-set enrichment results using the Cytoscape plug-in enrichment map},
   journal = {Methods Mol Biol},
   volume = {781},
   pages = {257-77},
   ISSN = {1940-6029 (Electronic)
1064-3745 (Linking)},
   DOI = {10.1007/978-1-61779-276-2_12},
   url = {https://www.ncbi.nlm.nih.gov/pubmed/21877285},
   year = {2011},
   type = {Journal Article}
}

@article{RN2942,
   author = {Miao, L. and Liu, Z.},
   title = {Microbiome analysis and -omics studies of microbial denitrification processes in wastewater treatment: recent advances},
   journal = {Sci China Life Sci},
   volume = {61},
   number = {7},
   pages = {753-761},
   ISSN = {1869-1889 (Electronic)
1674-7305 (Linking)},
   DOI = {10.1007/s11427-017-9228-2},
   url = {https://www.ncbi.nlm.nih.gov/pubmed/29327330},
   year = {2018},
   type = {Journal Article}
}

@article{RN152,
   author = {Micale, G. and Continella, A. and Ferro, A. and Giugno, R. and Pulvirenti, A.},
   title = {GASOLINE: a Cytoscape app for multiple local alignment of PPI networks},
   journal = {F1000Res},
   volume = {3},
   pages = {140},
   ISSN = {2046-1402 (Print)
2046-1402 (Linking)},
   DOI = {10.12688/f1000research.4537.2},
   url = {https://www.ncbi.nlm.nih.gov/pubmed/25324964},
   year = {2014},
   type = {Journal Article}
}

@article{RN2901,
   author = {Miller, R. J.},
   title = {Mitochondria - the Kraken wakes!},
   journal = {Trends Neurosci},
   volume = {21},
   number = {3},
   pages = {95-7},
   ISSN = {0166-2236 (Print)
0166-2236 (Linking)},
   DOI = {10.1016/s0166-2236(97)01206-x},
   url = {https://www.ncbi.nlm.nih.gov/pubmed/9530913},
   year = {1998},
   type = {Journal Article}
}

@article{RN2986,
   author = {Mokili, J. L. and Rohwer, F. and Dutilh, B. E.},
   title = {Metagenomics and future perspectives in virus discovery},
   journal = {Curr Opin Virol},
   volume = {2},
   number = {1},
   pages = {63-77},
   ISSN = {1879-6265 (Electronic)
1879-6257 (Linking)},
   DOI = {10.1016/j.coviro.2011.12.004},
   url = {https://www.ncbi.nlm.nih.gov/pubmed/22440968},
   year = {2012},
   type = {Journal Article}
}

@article{RN2952,
   author = {Monedero, V. and Buesa, J. and Rodriguez-Diaz, J.},
   title = {The Interactions between Host Glycobiology, Bacterial Microbiota, and Viruses in the Gut},
   journal = {Viruses},
   volume = {10},
   number = {2},
   ISSN = {1999-4915 (Electronic)
1999-4915 (Linking)},
   DOI = {10.3390/v10020096},
   url = {https://www.ncbi.nlm.nih.gov/pubmed/29495275},
   year = {2018},
   type = {Journal Article}
}

@article{RN150,
   author = {Moni, M. A. and Xu, H. and Lio, P.},
   title = {CytoCom: a Cytoscape app to visualize, query and analyse disease comorbidity networks},
   journal = {Bioinformatics},
   volume = {31},
   number = {6},
   pages = {969-71},
   ISSN = {1367-4811 (Electronic)
1367-4803 (Linking)},
   DOI = {10.1093/bioinformatics/btu731},
   url = {https://www.ncbi.nlm.nih.gov/pubmed/25380962},
   year = {2015},
   type = {Journal Article}
}

@article{RN158,
   author = {Montojo, J. and Zuberi, K. and Rodriguez, H. and Bader, G. D. and Morris, Q.},
   title = {GeneMANIA: Fast gene network construction and function prediction for Cytoscape},
   journal = {F1000Res},
   volume = {3},
   pages = {153},
   ISSN = {2046-1402 (Print)
2046-1402 (Linking)},
   DOI = {10.12688/f1000research.4572.1},
   url = {https://www.ncbi.nlm.nih.gov/pubmed/25254104},
   year = {2014},
   type = {Journal Article}
}

@article{RN212,
   author = {Montojo, J. and Zuberi, K. and Rodriguez, H. and Kazi, F. and Wright, G. and Donaldson, S. L. and Morris, Q. and Bader, G. D.},
   title = {GeneMANIA Cytoscape plugin: fast gene function predictions on the desktop},
   journal = {Bioinformatics},
   volume = {26},
   number = {22},
   pages = {2927-8},
   ISSN = {1367-4811 (Electronic)
1367-4803 (Linking)},
   DOI = {10.1093/bioinformatics/btq562},
   url = {https://www.ncbi.nlm.nih.gov/pubmed/20926419},
   year = {2010},
   type = {Journal Article}
}

@article{RN2977,
   author = {Moon, K. and Jeon, J. H. and Kang, I. and Park, K. S. and Lee, K. and Cha, C. J. and Lee, S. H. and Cho, J. C.},
   title = {Freshwater viral metagenome reveals novel and functional phage-borne antibiotic resistance genes},
   journal = {Microbiome},
   volume = {8},
   number = {1},
   pages = {75},
   ISSN = {2049-2618 (Electronic)
2049-2618 (Linking)},
   DOI = {10.1186/s40168-020-00863-4},
   url = {https://www.ncbi.nlm.nih.gov/pubmed/32482165},
   year = {2020},
   type = {Journal Article}
}

@article{RN231,
   author = {Morcos, F. and Lamanna, C. and Sikora, M. and Izaguirre, J.},
   title = {Cytoprophet: a Cytoscape plug-in for protein and domain interaction networks inference},
   journal = {Bioinformatics},
   volume = {24},
   number = {19},
   pages = {2265-6},
   ISSN = {1367-4811 (Electronic)
1367-4803 (Linking)},
   DOI = {10.1093/bioinformatics/btn380},
   url = {https://www.ncbi.nlm.nih.gov/pubmed/18653520},
   year = {2008},
   type = {Journal Article}
}

@article{RN199,
   author = {Morris, J. H. and Apeltsin, L. and Newman, A. M. and Baumbach, J. and Wittkop, T. and Su, G. and Bader, G. D. and Ferrin, T. E.},
   title = {clusterMaker: a multi-algorithm clustering plugin for Cytoscape},
   journal = {BMC Bioinformatics},
   volume = {12},
   pages = {436},
   ISSN = {1471-2105 (Electronic)
1471-2105 (Linking)},
   DOI = {10.1186/1471-2105-12-436},
   url = {https://www.ncbi.nlm.nih.gov/pubmed/22070249},
   year = {2011},
   type = {Journal Article}
}

@article{RN237,
   author = {Morris, J. H. and Huang, C. C. and Babbitt, P. C. and Ferrin, T. E.},
   title = {structureViz: linking Cytoscape and UCSF Chimera},
   journal = {Bioinformatics},
   volume = {23},
   number = {17},
   pages = {2345-7},
   ISSN = {1367-4811 (Electronic)
1367-4803 (Linking)},
   DOI = {10.1093/bioinformatics/btm329},
   url = {https://www.ncbi.nlm.nih.gov/pubmed/17623706},
   year = {2007},
   type = {Journal Article}
}

@article{RN154,
   author = {Morris, J. H. and Kuchinsky, A. and Ferrin, T. E. and Pico, A. R.},
   title = {enhancedGraphics: a Cytoscape app for enhanced node graphics},
   journal = {F1000Res},
   volume = {3},
   pages = {147},
   ISSN = {2046-1402 (Print)
2046-1402 (Linking)},
   DOI = {10.12688/f1000research.4460.1},
   url = {https://www.ncbi.nlm.nih.gov/pubmed/25285206},
   year = {2014},
   type = {Journal Article}
}

@article{RN151,
   author = {Morris, J. H. and Lotia, S. and Wu, A. and Doncheva, N. T. and Albrecht, M. and Pico, A. R. and Ferrin, T. E.},
   title = {setsApp for Cytoscape: Set operations for Cytoscape Nodes and Edges},
   journal = {F1000Res},
   volume = {3},
   pages = {149},
   ISSN = {2046-1402 (Print)
2046-1402 (Linking)},
   DOI = {10.12688/f1000research.4392.2},
   url = {https://www.ncbi.nlm.nih.gov/pubmed/25352980},
   year = {2014},
   type = {Journal Article}
}

@article{RN144,
   author = {Morris, J. H. and Vijay, D. and Federowicz, S. and Pico, A. R. and Ferrin, T. E.},
   title = {CyAnimator: Simple Animations of Cytoscape Networks},
   journal = {F1000Res},
   volume = {4},
   pages = {482},
   ISSN = {2046-1402 (Print)
2046-1402 (Linking)},
   DOI = {10.12688/f1000research.6852.2},
   url = {https://www.ncbi.nlm.nih.gov/pubmed/26937268},
   year = {2015},
   type = {Journal Article}
}

@article{RN160,
   author = {Morris, J. H. and Wu, A. and Yamashita, R. A. and Marchler-Bauer, A. and Ferrin, T. E.},
   title = {cddApp: a Cytoscape app for accessing the NCBI conserved domain database},
   journal = {Bioinformatics},
   volume = {31},
   number = {1},
   pages = {134-6},
   ISSN = {1367-4811 (Electronic)
1367-4803 (Linking)},
   DOI = {10.1093/bioinformatics/btu605},
   url = {https://www.ncbi.nlm.nih.gov/pubmed/25212755},
   year = {2015},
   type = {Journal Article}
}

@article{RN118,
   author = {Muetze, T. and Goenawan, I. H. and Wiencko, H. L. and Bernal-Llinares, M. and Bryan, K. and Lynn, D. J.},
   title = {Contextual Hub Analysis Tool (CHAT): A Cytoscape app for identifying contextually relevant hubs in biological networks},
   journal = {F1000Res},
   volume = {5},
   pages = {1745},
   ISSN = {2046-1402 (Print)
2046-1402 (Linking)},
   DOI = {10.12688/f1000research.9118.2},
   url = {https://www.ncbi.nlm.nih.gov/pubmed/27853512},
   year = {2016},
   type = {Journal Article}
}

@article{RN106,
   author = {Muetze, T. and Lynn, D. J.},
   title = {Using the Contextual Hub Analysis Tool (CHAT) in Cytoscape to Identify Contextually Relevant Network Hubs},
   journal = {Curr Protoc Bioinformatics},
   volume = {59},
   pages = {8 24 1-8 24 13},
   ISSN = {1934-340X (Electronic)
1934-3396 (Linking)},
   DOI = {10.1002/cpbi.35},
   url = {https://www.ncbi.nlm.nih.gov/pubmed/28902399},
   year = {2017},
   type = {Journal Article}
}

@article{RN111,
   author = {Mustafin, Z. S. and Lashin, S. A. and Matushkin, Y. G. and Gunbin, K. V. and Afonnikov, D. A.},
   title = {Orthoscape: a cytoscape application for grouping and visualization KEGG based gene networks by taxonomy and homology principles},
   journal = {BMC Bioinformatics},
   volume = {18},
   number = {Suppl 1},
   pages = {1427},
   ISSN = {1471-2105 (Electronic)
1471-2105 (Linking)},
   DOI = {10.1186/s12859-016-1427-5},
   url = {https://www.ncbi.nlm.nih.gov/pubmed/28466792},
   year = {2017},
   type = {Journal Article}
}

@article{RN69,
   author = {Nannini, F. and Senicar, L. and Parekh, F. and Kong, K. J. and Kinna, A. and Bughda, R. and Sillibourne, J. and Hu, X. and Ma, B. and Bai, Y. and Ferrari, M. and Pule, M. A. and Onuoha, S. C.},
   title = {Combining phage display with SMRTbell next-generation sequencing for the rapid discovery of functional scFv fragments},
   journal = {MAbs},
   volume = {13},
   number = {1},
   pages = {1864084},
   ISSN = {1942-0870 (Electronic)
1942-0862 (Linking)},
   DOI = {10.1080/19420862.2020.1864084},
   url = {https://www.ncbi.nlm.nih.gov/pubmed/33382949},
   year = {2021},
   type = {Journal Article}
}

@article{RN45,
   author = {Naseri, A. and Zhi, D. and Zhang, S.},
   title = {Multi-allelic positional Burrows-Wheeler transform},
   journal = {BMC Bioinformatics},
   volume = {20},
   number = {Suppl 11},
   pages = {279},
   ISSN = {1471-2105 (Electronic)
1471-2105 (Linking)},
   DOI = {10.1186/s12859-019-2821-6},
   url = {https://www.ncbi.nlm.nih.gov/pubmed/31167638},
   year = {2019},
   type = {Journal Article}
}

@article{RN164,
   author = {Natale, M. and Benso, A. and Di Carlo, S. and Ficarra, E.},
   title = {FunMod: a Cytoscape plugin for identifying functional modules in undirected protein-protein networks},
   journal = {Genomics Proteomics Bioinformatics},
   volume = {12},
   number = {4},
   pages = {178-86},
   ISSN = {2210-3244 (Electronic)
1672-0229 (Linking)},
   DOI = {10.1016/j.gpb.2014.05.002},
   url = {https://www.ncbi.nlm.nih.gov/pubmed/25153667},
   year = {2014},
   type = {Journal Article}
}

@article{RN12,
   author = {Nayfach, S. and Camargo, A. P. and Schulz, F. and Eloe-Fadrosh, E. and Roux, S. and Kyrpides, N. C.},
   title = {CheckV assesses the quality and completeness of metagenome-assembled viral genomes},
   journal = {Nat Biotechnol},
   volume = {39},
   number = {5},
   pages = {578-585},
   ISSN = {1546-1696 (Electronic)
1087-0156 (Linking)},
   DOI = {10.1038/s41587-020-00774-7},
   url = {https://www.ncbi.nlm.nih.gov/pubmed/33349699},
   year = {2021},
   type = {Journal Article}
}

@article{RN140,
   author = {Nepomnyachiy, S. and Ben-Tal, N. and Kolodny, R.},
   title = {CyToStruct: Augmenting the Network Visualization of Cytoscape with the Power of Molecular Viewers},
   journal = {Structure},
   volume = {23},
   number = {5},
   pages = {941-948},
   ISSN = {1878-4186 (Electronic)
0969-2126 (Linking)},
   DOI = {10.1016/j.str.2015.02.013},
   url = {https://www.ncbi.nlm.nih.gov/pubmed/25865247},
   year = {2015},
   type = {Journal Article}
}

@article{RN133,
   author = {Nepomuceno-Chamorro, I. A. and Marquez-Chamorro, A. and Aguilar-Ruiz, J. S.},
   title = {Building Transcriptional Association Networks in Cytoscape with RegNetC},
   journal = {IEEE/ACM Trans Comput Biol Bioinform},
   volume = {12},
   number = {4},
   pages = {823-4},
   ISSN = {1557-9964 (Electronic)
1545-5963 (Linking)},
   DOI = {10.1109/TCBB.2014.2385702},
   url = {https://www.ncbi.nlm.nih.gov/pubmed/26357322},
   year = {2015},
   type = {Journal Article}
}

@article{RN137,
   author = {Nersisyan, L. and Johnson, G. and Riel-Mehan, M. and Pico, A. and Arakelyan, A.},
   title = {PSFC: a Pathway Signal Flow Calculator App for Cytoscape},
   journal = {F1000Res},
   volume = {4},
   pages = {480},
   ISSN = {2046-1402 (Print)
2046-1402 (Linking)},
   DOI = {10.12688/f1000research.6706.2},
   url = {https://www.ncbi.nlm.nih.gov/pubmed/26834984},
   year = {2015},
   type = {Journal Article}
}

@article{RN2892,
   author = {Neves, A. L. A. and Li, F. and Ghoshal, B. and McAllister, T. and Guan, L. L.},
   title = {Enhancing the Resolution of Rumen Microbial Classification from Metatranscriptomic Data Using Kraken and Mothur},
   journal = {Front Microbiol},
   volume = {8},
   pages = {2445},
   ISSN = {1664-302X (Print)
1664-302X (Linking)},
   DOI = {10.3389/fmicb.2017.02445},
   url = {https://www.ncbi.nlm.nih.gov/pubmed/29270165},
   year = {2017},
   type = {Journal Article}
}

@article{RN162,
   author = {Nishida, K. and Ono, K. and Kanaya, S. and Takahashi, K.},
   title = {KEGGscape: a Cytoscape app for pathway data integration},
   journal = {F1000Res},
   volume = {3},
   pages = {144},
   ISSN = {2046-1402 (Print)
2046-1402 (Linking)},
   DOI = {10.12688/f1000research.4524.1},
   url = {https://www.ncbi.nlm.nih.gov/pubmed/25177485},
   year = {2014},
   type = {Journal Article}
}

@article{RN50,
   author = {Novak, A. M. and Garrison, E. and Paten, B.},
   title = {A graph extension of the positional Burrows-Wheeler transform and its applications},
   journal = {Algorithms Mol Biol},
   volume = {12},
   pages = {18},
   ISSN = {1748-7188 (Print)
1748-7188 (Linking)},
   DOI = {10.1186/s13015-017-0109-9},
   url = {https://www.ncbi.nlm.nih.gov/pubmed/28702075},
   year = {2017},
   type = {Journal Article}
}

@article{RN175,
   author = {O'Brien, K. T. and Haslam, N. J. and Shields, D. C.},
   title = {SLiMScape: a protein short linear motif analysis plugin for Cytoscape},
   journal = {BMC Bioinformatics},
   volume = {14},
   pages = {224},
   ISSN = {1471-2105 (Electronic)
1471-2105 (Linking)},
   DOI = {10.1186/1471-2105-14-224},
   url = {https://www.ncbi.nlm.nih.gov/pubmed/23855714},
   year = {2013},
   type = {Journal Article}
}

@article{RN207,
   author = {Oesper, L. and Merico, D. and Isserlin, R. and Bader, G. D.},
   title = {WordCloud: a Cytoscape plugin to create a visual semantic summary of networks},
   journal = {Source Code Biol Med},
   volume = {6},
   pages = {7},
   ISSN = {1751-0473 (Electronic)
1751-0473 (Linking)},
   DOI = {10.1186/1751-0473-6-7},
   url = {https://www.ncbi.nlm.nih.gov/pubmed/21473782},
   year = {2011},
   type = {Journal Article}
}

@article{RN2910,
   author = {Oh, J. H. and Lee, J. H. and Cho, M. S. and Kim, H. and Chun, J. and Lee, J. H. and Yoon, Y. and Kang, W.},
   title = {Characterization of Gut Microbiome in Korean Patients with Metabolic Associated Fatty Liver Disease},
   journal = {Nutrients},
   volume = {13},
   number = {3},
   ISSN = {2072-6643 (Electronic)
2072-6643 (Linking)},
   DOI = {10.3390/nu13031013},
   url = {https://www.ncbi.nlm.nih.gov/pubmed/33801023},
   year = {2021},
   type = {Journal Article}
}

@article{RN127,
   author = {Olorin, E. and O'Brien, K. T. and Palopoli, N. and Perez-Bercoff, A. and Shields, D. C. and Edwards, R. J.},
   title = {SLiMScape 3.x: a Cytoscape 3 app for discovery of Short Linear Motifs in protein interaction networks},
   journal = {F1000Res},
   volume = {4},
   pages = {477},
   ISSN = {2046-1402 (Print)
2046-1402 (Linking)},
   DOI = {10.12688/f1000research.6773.1},
   url = {https://www.ncbi.nlm.nih.gov/pubmed/26674271},
   year = {2015},
   type = {Journal Article}
}

@article{RN147,
   author = {Ono, K. and Demchak, B. and Ideker, T.},
   title = {Cytoscape tools for the web age: D3.js and Cytoscape.js exporters},
   journal = {F1000Res},
   volume = {3},
   pages = {143},
   ISSN = {2046-1402 (Print)
2046-1402 (Linking)},
   DOI = {10.12688/f1000research.4510.2},
   url = {https://www.ncbi.nlm.nih.gov/pubmed/25520778},
   year = {2014},
   type = {Journal Article}
}

@article{RN128,
   author = {Ono, K. and Muetze, T. and Kolishovski, G. and Shannon, P. and Demchak, B.},
   title = {CyREST: Turbocharging Cytoscape Access for External Tools via a RESTful API},
   journal = {F1000Res},
   volume = {4},
   pages = {478},
   ISSN = {2046-1402 (Print)
2046-1402 (Linking)},
   DOI = {10.12688/f1000research.6767.1},
   url = {https://www.ncbi.nlm.nih.gov/pubmed/26672762},
   year = {2015},
   type = {Journal Article}
}

@article{RN84,
   author = {Otasek, D. and Morris, J. H. and Boucas, J. and Pico, A. R. and Demchak, B.},
   title = {Cytoscape Automation: empowering workflow-based network analysis},
   journal = {Genome Biol},
   volume = {20},
   number = {1},
   pages = {185},
   ISSN = {1474-760X (Electronic)
1474-7596 (Linking)},
   DOI = {10.1186/s13059-019-1758-4},
   url = {https://www.ncbi.nlm.nih.gov/pubmed/31477170},
   year = {2019},
   type = {Journal Article}
}

@article{RN189,
   author = {Pacini, C. and Iorio, F. and Goncalves, E. and Iskar, M. and Klabunde, T. and Bork, P. and Saez-Rodriguez, J.},
   title = {DvD: An R/Cytoscape pipeline for drug repurposing using public repositories of gene expression data},
   journal = {Bioinformatics},
   volume = {29},
   number = {1},
   pages = {132-4},
   ISSN = {1367-4811 (Electronic)
1367-4803 (Linking)},
   DOI = {10.1093/bioinformatics/bts656},
   url = {https://www.ncbi.nlm.nih.gov/pubmed/23129297},
   year = {2013},
   type = {Journal Article}
}

@article{RN14,
   author = {Palomares, M. A. and Dalmasso, C. and Bonnet, E. and Derbois, C. and Brohard-Julien, S. and Ambroise, C. and Battail, C. and Deleuze, J. F. and Olaso, R.},
   title = {Systematic analysis of TruSeq, SMARTer and SMARTer Ultra-Low RNA-seq kits for standard, low and ultra-low quantity samples},
   journal = {Sci Rep},
   volume = {9},
   number = {1},
   pages = {7550},
   ISSN = {2045-2322 (Electronic)
2045-2322 (Linking)},
   DOI = {10.1038/s41598-019-43983-0},
   url = {https://www.ncbi.nlm.nih.gov/pubmed/31101892},
   year = {2019},
   type = {Journal Article}
}

@article{RN13,
   author = {Parks, D. H. and Imelfort, M. and Skennerton, C. T. and Hugenholtz, P. and Tyson, G. W.},
   title = {CheckM: assessing the quality of microbial genomes recovered from isolates, single cells, and metagenomes},
   journal = {Genome Res},
   volume = {25},
   number = {7},
   pages = {1043-55},
   ISSN = {1549-5469 (Electronic)
1088-9051 (Linking)},
   DOI = {10.1101/gr.186072.114},
   url = {https://www.ncbi.nlm.nih.gov/pubmed/25977477},
   year = {2015},
   type = {Journal Article}
}

@article{RN126,
   author = {Paroni, A. and Graudenzi, A. and Caravagna, G. and Damiani, C. and Mauri, G. and Antoniotti, M.},
   title = {CABeRNET: a Cytoscape app for augmented Boolean models of gene regulatory NETworks},
   journal = {BMC Bioinformatics},
   volume = {17},
   pages = {64},
   ISSN = {1471-2105 (Electronic)
1471-2105 (Linking)},
   DOI = {10.1186/s12859-016-0914-z},
   url = {https://www.ncbi.nlm.nih.gov/pubmed/26846964},
   year = {2016},
   type = {Journal Article}
}

@article{RN2920,
   author = {Pellock, S. J. and Walton, W. G. and Ervin, S. M. and Torres-Rivera, D. and Creekmore, B. C. and Bergan, G. and Dunn, Z. D. and Li, B. and Tripathy, A. and Redinbo, M. R.},
   title = {Discovery and Characterization of FMN-Binding beta-Glucuronidases in the Human Gut Microbiome},
   journal = {J Mol Biol},
   volume = {431},
   number = {5},
   pages = {970-980},
   ISSN = {1089-8638 (Electronic)
0022-2836 (Linking)},
   DOI = {10.1016/j.jmb.2019.01.013},
   url = {https://www.ncbi.nlm.nih.gov/pubmed/30658055},
   year = {2019},
   type = {Journal Article}
}

@article{RN215,
   author = {Pentchev, K. and Ono, K. and Herwig, R. and Ideker, T. and Kamburov, A.},
   title = {Evidence mining and novelty assessment of protein-protein interactions with the ConsensusPathDB plugin for Cytoscape},
   journal = {Bioinformatics},
   volume = {26},
   number = {21},
   pages = {2796-7},
   ISSN = {1367-4811 (Electronic)
1367-4803 (Linking)},
   DOI = {10.1093/bioinformatics/btq522},
   url = {https://www.ncbi.nlm.nih.gov/pubmed/20847220},
   year = {2010},
   type = {Journal Article}
}

@article{RN141,
   author = {Pico, A. R. and Bader, G. D. and Demchak, B. and Guitart Pla, O. and Hull, T. and Longabaugh, W. and Lopes, C. and Lotia, S. and Molenaar, P. and Montojo, J. and Morris, J. H. and Ono, K. and Schwikowski, B. and Welker, D. and Ideker, T.},
   title = {The Cytoscape app article collection},
   journal = {F1000Res},
   volume = {3},
   pages = {138},
   ISSN = {2046-1402 (Print)
2046-1402 (Linking)},
   DOI = {10.12688/f1000research.4642.1},
   url = {https://www.ncbi.nlm.nih.gov/pubmed/25580224},
   year = {2014},
   type = {Journal Article}
}

@article{RN32,
   author = {Pluss, M. and Kopps, A. M. and Keller, I. and Meienberg, J. and Caspar, S. M. and Dubacher, N. and Bruggmann, R. and Vogel, M. and Matyas, G.},
   title = {Need for speed in accurate whole-genome data analysis: GENALICE MAP challenges BWA/GATK more than PEMapper/PECaller and Isaac},
   journal = {Proc Natl Acad Sci U S A},
   volume = {114},
   number = {40},
   pages = {E8320-E8322},
   ISSN = {1091-6490 (Electronic)
0027-8424 (Linking)},
   DOI = {10.1073/pnas.1713830114},
   url = {https://www.ncbi.nlm.nih.gov/pubmed/28916731},
   year = {2017},
   type = {Journal Article}
}

@article{RN66,
   author = {Pokrzywa, R.},
   title = {New method for yeast identification using Burrows-Wheeler transform},
   journal = {J Bioinform Comput Biol},
   volume = {6},
   number = {2},
   pages = {403-13},
   ISSN = {0219-7200 (Print)
0219-7200 (Linking)},
   DOI = {10.1142/s0219720008003412},
   url = {https://www.ncbi.nlm.nih.gov/pubmed/18464330},
   year = {2008},
   type = {Journal Article}
}

@article{RN64,
   author = {Pokrzywa, R.},
   title = {Application of the Burrows-Wheeler Transform for searching for tandem repeats in DNA sequences},
   journal = {Int J Bioinform Res Appl},
   volume = {5},
   number = {4},
   pages = {432-46},
   ISSN = {1744-5485 (Print)
1744-5485 (Linking)},
   DOI = {10.1504/IJBRA.2009.027517},
   url = {https://www.ncbi.nlm.nih.gov/pubmed/19640830},
   year = {2009},
   type = {Journal Article}
}

@article{RN61,
   author = {Pokrzywa, R. and Polanski, A.},
   title = {BWtrs: A tool for searching for tandem repeats in DNA sequences based on the Burrows-Wheeler transform},
   journal = {Genomics},
   volume = {96},
   number = {5},
   pages = {316-21},
   ISSN = {1089-8646 (Electronic)
0888-7543 (Linking)},
   DOI = {10.1016/j.ygeno.2010.08.001},
   url = {https://www.ncbi.nlm.nih.gov/pubmed/20709168},
   year = {2010},
   type = {Journal Article}
}

@article{RN145,
   author = {Politano, G. and Benso, A. and Savino, A. and Di Carlo, S.},
   title = {ReNE: a cytoscape plugin for regulatory network enhancement},
   journal = {PLoS One},
   volume = {9},
   number = {12},
   pages = {e115585},
   ISSN = {1932-6203 (Electronic)
1932-6203 (Linking)},
   DOI = {10.1371/journal.pone.0115585},
   url = {https://www.ncbi.nlm.nih.gov/pubmed/25541727},
   year = {2014},
   type = {Journal Article}
}

@article{RN124,
   author = {Politano, G. and Orso, F. and Raimo, M. and Benso, A. and Savino, A. and Taverna, D. and Di Carlo, S.},
   title = {CyTRANSFINDER: a Cytoscape 3.3 plugin for three-component (TF, gene, miRNA) signal transduction pathway construction},
   journal = {BMC Bioinformatics},
   volume = {17},
   pages = {157},
   ISSN = {1471-2105 (Electronic)
1471-2105 (Linking)},
   DOI = {10.1186/s12859-016-0964-2},
   url = {https://www.ncbi.nlm.nih.gov/pubmed/27059647},
   year = {2016},
   type = {Journal Article}
}

@article{RN185,
   author = {Praneenararat, T. and Takagi, T. and Iwasaki, W.},
   title = {Integration of interactive, multi-scale network navigation approach with Cytoscape for functional genomics in the big data era},
   journal = {BMC Genomics},
   volume = {13 Suppl 7},
   pages = {S24},
   ISSN = {1471-2164 (Electronic)
1471-2164 (Linking)},
   DOI = {10.1186/1471-2164-13-S7-S24},
   url = {https://www.ncbi.nlm.nih.gov/pubmed/23281970},
   year = {2012},
   type = {Journal Article}
}

@article{RN16,
   author = {Press, Maximilian O. and Wiser, Andrew H. and Kronenberg, Zev N. and Langford, Kyle W. and Shakya, Migun and Lo, Chien-Chi and Mueller, Kathryn A. and Sullivan, Shawn T. and Chain, Patrick S. G. and Liachko, Ivan},
   title = {Hi-C deconvolution of a human gut microbiome yields high-quality draft genomes and reveals plasmid-genome interactions},
   journal = {bioRxiv},
   pages = {198713},
   DOI = {10.1101/198713},
   url = {http://biorxiv.org/content/early/2017/10/05/198713.abstract},
   year = {2017},
   type = {Journal Article}
}

@article{RN43,
   author = {Prezza, N. and Pisanti, N. and Sciortino, M. and Rosone, G.},
   title = {Variable-order reference-free variant discovery with the Burrows-Wheeler Transform},
   journal = {BMC Bioinformatics},
   volume = {21},
   number = {Suppl 8},
   pages = {260},
   ISSN = {1471-2105 (Electronic)
1471-2105 (Linking)},
   DOI = {10.1186/s12859-020-03586-3},
   url = {https://www.ncbi.nlm.nih.gov/pubmed/32938358},
   year = {2020},
   type = {Journal Article}
}

@article{RN2924,
   author = {Probstel, A. K. and Baranzini, S. E.},
   title = {The Role of the Gut Microbiome in Multiple Sclerosis Risk and Progression: Towards Characterization of the "MS Microbiome"},
   journal = {Neurotherapeutics},
   volume = {15},
   number = {1},
   pages = {126-134},
   ISSN = {1878-7479 (Electronic)
1878-7479 (Linking)},
   DOI = {10.1007/s13311-017-0587-y},
   url = {https://www.ncbi.nlm.nih.gov/pubmed/29147991},
   year = {2018},
   type = {Journal Article}
}

@article{RN112,
   author = {Psomopoulos, F. E. and Vitsios, D. M. and Baichoo, S. and Ouzounis, C. A.},
   title = {BioPAXViz: a cytoscape application for the visual exploration of metabolic pathway evolution},
   journal = {Bioinformatics},
   volume = {33},
   number = {9},
   pages = {1418-1420},
   ISSN = {1367-4811 (Electronic)
1367-4803 (Linking)},
   DOI = {10.1093/bioinformatics/btw813},
   url = {https://www.ncbi.nlm.nih.gov/pubmed/28453679},
   year = {2017},
   type = {Journal Article}
}

@article{RN78,
   author = {Puig, R. R. and Holmas, S. and Mironov, V. and Kuiper, M.},
   title = {Network Building with the Cytoscape BioGateway App Explained in Five Use Cases},
   journal = {Curr Protoc Bioinformatics},
   volume = {72},
   number = {1},
   pages = {e106},
   ISSN = {1934-340X (Electronic)
1934-3396 (Linking)},
   DOI = {10.1002/cpbi.106},
   url = {https://www.ncbi.nlm.nih.gov/pubmed/32986267},
   year = {2020},
   type = {Journal Article}
}

@article{RN75,
   author = {Ragueneau, E. and Shrivastava, A. and Morris, J. H. and Del-Toro, N. and Hermjakob, H. and Porras, P.},
   title = {IntAct App: a Cytoscape application for molecular interaction network visualisation and analysis},
   journal = {Bioinformatics},
   ISSN = {1367-4811 (Electronic)
1367-4803 (Linking)},
   DOI = {10.1093/bioinformatics/btab319},
   url = {https://www.ncbi.nlm.nih.gov/pubmed/33961020},
   year = {2021},
   type = {Journal Article}
}

@article{RN21,
   author = {Ramirez-Gonzalez, R. H. and Bonnal, R. and Caccamo, M. and Maclean, D.},
   title = {Bio-samtools: Ruby bindings for SAMtools, a library for accessing BAM files containing high-throughput sequence alignments},
   journal = {Source Code Biol Med},
   volume = {7},
   number = {1},
   pages = {6},
   ISSN = {1751-0473 (Electronic)
1751-0473 (Linking)},
   DOI = {10.1186/1751-0473-7-6},
   url = {https://www.ncbi.nlm.nih.gov/pubmed/22640879},
   year = {2012},
   type = {Journal Article}
}

@article{RN200,
   author = {Razick, S. and Mora, A. and Michalickova, K. and Boddie, P. and Donaldson, I. M.},
   title = {iRefScape. A Cytoscape plug-in for visualization and data mining of protein interaction data from iRefIndex},
   journal = {BMC Bioinformatics},
   volume = {12},
   pages = {388},
   ISSN = {1471-2105 (Electronic)
1471-2105 (Linking)},
   DOI = {10.1186/1471-2105-12-388},
   url = {https://www.ncbi.nlm.nih.gov/pubmed/21975162},
   year = {2011},
   type = {Journal Article}
}

@article{RN2891,
   author = {Redfern, A. D. and Spalding, L. J. and Thompson, E. W.},
   title = {The Kraken Wakes: induced EMT as a driver of tumour aggression and poor outcome},
   journal = {Clin Exp Metastasis},
   volume = {35},
   number = {4},
   pages = {285-308},
   ISSN = {1573-7276 (Electronic)
0262-0898 (Linking)},
   DOI = {10.1007/s10585-018-9906-x},
   url = {https://www.ncbi.nlm.nih.gov/pubmed/29948647},
   year = {2018},
   type = {Journal Article}
}

@article{RN88,
   author = {Reimand, J. and Isserlin, R. and Voisin, V. and Kucera, M. and Tannus-Lopes, C. and Rostamianfar, A. and Wadi, L. and Meyer, M. and Wong, J. and Xu, C. and Merico, D. and Bader, G. D.},
   title = {Pathway enrichment analysis and visualization of omics data using g:Profiler, GSEA, Cytoscape and EnrichmentMap},
   journal = {Nat Protoc},
   volume = {14},
   number = {2},
   pages = {482-517},
   ISSN = {1750-2799 (Electronic)
1750-2799 (Linking)},
   DOI = {10.1038/s41596-018-0103-9},
   url = {https://www.ncbi.nlm.nih.gov/pubmed/30664679},
   year = {2019},
   type = {Journal Article}
}

@article{RN2962,
   author = {Reyes, A. and Haynes, M. and Hanson, N. and Angly, F. E. and Heath, A. C. and Rohwer, F. and Gordon, J. I.},
   title = {Viruses in the faecal microbiota of monozygotic twins and their mothers},
   journal = {Nature},
   volume = {466},
   number = {7304},
   pages = {334-8},
   ISSN = {1476-4687 (Electronic)
0028-0836 (Linking)},
   DOI = {10.1038/nature09199},
   url = {https://www.ncbi.nlm.nih.gov/pubmed/20631792},
   year = {2010},
   type = {Journal Article}
}

@article{RN2926,
   author = {Rezasoltani, S. and Nazemalhosseini Mojarrad, E. and Norouzinia, M. and Asadzadeh Aghdaei, H.},
   title = {The necessity of gut microbiome characterization in diseases prevention and therapy},
   journal = {Gastroenterol Hepatol Bed Bench},
   volume = {10},
   number = {2},
   pages = {150-151},
   ISSN = {2008-2258 (Print)
2008-2258 (Linking)},
   url = {https://www.ncbi.nlm.nih.gov/pubmed/28702141},
   year = {2017},
   type = {Journal Article}
}

@article{RN2923,
   author = {Rimoldi, S. and Terova, G. and Ascione, C. and Giannico, R. and Brambilla, F.},
   title = {Next generation sequencing for gut microbiome characterization in rainbow trout (Oncorhynchus mykiss) fed animal by-product meals as an alternative to fishmeal protein sources},
   journal = {PLoS One},
   volume = {13},
   number = {3},
   pages = {e0193652},
   ISSN = {1932-6203 (Electronic)
1932-6203 (Linking)},
   DOI = {10.1371/journal.pone.0193652},
   url = {https://www.ncbi.nlm.nih.gov/pubmed/29509788},
   year = {2018},
   type = {Journal Article}
}

@article{RN130,
   author = {Rinnone, F. and Micale, G. and Bonnici, V. and Bader, G. D. and Shasha, D. and Ferro, A. and Pulvirenti, A. and Giugno, R.},
   title = {NetMatchStar: an enhanced Cytoscape network querying app},
   journal = {F1000Res},
   volume = {4},
   pages = {479},
   ISSN = {2046-1402 (Print)
2046-1402 (Linking)},
   DOI = {10.12688/f1000research.6656.2},
   url = {https://www.ncbi.nlm.nih.gov/pubmed/26594341},
   year = {2015},
   type = {Journal Article}
}

@article{RN219,
   author = {Rivera, C. G. and Vakil, R. and Bader, J. S.},
   title = {NeMo: Network Module identification in Cytoscape},
   journal = {BMC Bioinformatics},
   volume = {11 Suppl 1},
   pages = {S61},
   ISSN = {1471-2105 (Electronic)
1471-2105 (Linking)},
   DOI = {10.1186/1471-2105-11-S1-S61},
   url = {https://www.ncbi.nlm.nih.gov/pubmed/20122237},
   year = {2010},
   type = {Journal Article}
}

@article{RN2902,
   author = {Roberts, J. G.},
   title = {Substance abuse in anaesthetic staff: the kraken wakes},
   journal = {Anaesth Intensive Care},
   volume = {21},
   number = {2},
   pages = {149-50},
   ISSN = {0310-057X (Print)
0310-057X (Linking)},
   DOI = {10.1177/0310057X9302100202},
   url = {https://www.ncbi.nlm.nih.gov/pubmed/8517503},
   year = {1993},
   type = {Journal Article}
}

@article{RN2949,
   author = {Robinson, C. M.},
   title = {Enteric viruses exploit the microbiota to promote infection},
   journal = {Curr Opin Virol},
   volume = {37},
   pages = {58-62},
   ISSN = {1879-6265 (Electronic)
1879-6257 (Linking)},
   DOI = {10.1016/j.coviro.2019.06.002},
   url = {https://www.ncbi.nlm.nih.gov/pubmed/31284078},
   year = {2019},
   type = {Journal Article}
}

@article{RN2960,
   author = {Robinson, C. M. and Pfeiffer, J. K.},
   title = {Viruses and the Microbiota},
   journal = {Annu Rev Virol},
   volume = {1},
   pages = {55-69},
   ISSN = {2327-056X (Print)
2327-056X (Linking)},
   DOI = {10.1146/annurev-virology-031413-085550},
   url = {https://www.ncbi.nlm.nih.gov/pubmed/25821837},
   year = {2014},
   type = {Journal Article}
}

@article{RN2947,
   author = {Robinson, C. M. and Woods Acevedo, M. A. and McCune, B. T. and Pfeiffer, J. K.},
   title = {Related Enteric Viruses Have Different Requirements for Host Microbiota in Mice},
   journal = {J Virol},
   volume = {93},
   number = {23},
   ISSN = {1098-5514 (Electronic)
0022-538X (Linking)},
   DOI = {10.1128/JVI.01339-19},
   url = {https://www.ncbi.nlm.nih.gov/pubmed/31511379},
   year = {2019},
   type = {Journal Article}
}

@article{RN2964,
   author = {Rose, R. and Constantinides, B. and Tapinos, A. and Robertson, D. L. and Prosperi, M.},
   title = {Challenges in the analysis of viral metagenomes},
   journal = {Virus Evol},
   volume = {2},
   number = {2},
   pages = {vew022},
   ISSN = {2057-1577 (Print)
2057-1577 (Linking)},
   DOI = {10.1093/ve/vew022},
   url = {https://www.ncbi.nlm.nih.gov/pubmed/29492275},
   year = {2016},
   type = {Journal Article}
}

@article{RN2948,
   author = {Roth, A. N. and Grau, K. R. and Karst, S. M.},
   title = {Diverse Mechanisms Underlie Enhancement of Enteric Viruses by the Mammalian Intestinal Microbiota},
   journal = {Viruses},
   volume = {11},
   number = {8},
   ISSN = {1999-4915 (Electronic)
1999-4915 (Linking)},
   DOI = {10.3390/v11080760},
   url = {https://www.ncbi.nlm.nih.gov/pubmed/31426458},
   year = {2019},
   type = {Journal Article}
}

@article{RN35,
   author = {Roux, F. and Bellis, G. and Rhaly, A. A. and Monier, C. and Bisset, J. P. and Aquaron, R. and Chaventre, A.},
   title = {Epidemiology and prophylaxis of endemic goitre in the Bwa village of Sirao (Mali)},
   journal = {Coll Antropol},
   volume = {22},
   number = {1},
   pages = {43-9},
   ISSN = {0350-6134 (Print)
0350-6134 (Linking)},
   url = {https://www.ncbi.nlm.nih.gov/pubmed/10097419},
   year = {1998},
   type = {Journal Article}
}

@article{RN2973,
   author = {Roux, S. and Adriaenssens, E. M. and Dutilh, B. E. and Koonin, E. V. and Kropinski, A. M. and Krupovic, M. and Kuhn, J. H. and Lavigne, R. and Brister, J. R. and Varsani, A. and Amid, C. and Aziz, R. K. and Bordenstein, S. R. and Bork, P. and Breitbart, M. and Cochrane, G. R. and Daly, R. A. and Desnues, C. and Duhaime, M. B. and Emerson, J. B. and Enault, F. and Fuhrman, J. A. and Hingamp, P. and Hugenholtz, P. and Hurwitz, B. L. and Ivanova, N. N. and Labonte, J. M. and Lee, K. B. and Malmstrom, R. R. and Martinez-Garcia, M. and Mizrachi, I. K. and Ogata, H. and Paez-Espino, D. and Petit, M. A. and Putonti, C. and Rattei, T. and Reyes, A. and Rodriguez-Valera, F. and Rosario, K. and Schriml, L. and Schulz, F. and Steward, G. F. and Sullivan, M. B. and Sunagawa, S. and Suttle, C. A. and Temperton, B. and Tringe, S. G. and Thurber, R. V. and Webster, N. S. and Whiteson, K. L. and Wilhelm, S. W. and Wommack, K. E. and Woyke, T. and Wrighton, K. C. and Yilmaz, P. and Yoshida, T. and Young, M. J. and Yutin, N. and Allen, L. Z. and Kyrpides, N. C. and Eloe-Fadrosh, E. A.},
   title = {Minimum Information about an Uncultivated Virus Genome (MIUViG)},
   journal = {Nat Biotechnol},
   volume = {37},
   number = {1},
   pages = {29-37},
   ISSN = {1546-1696 (Electronic)
1087-0156 (Linking)},
   DOI = {10.1038/nbt.4306},
   url = {https://www.ncbi.nlm.nih.gov/pubmed/30556814},
   year = {2019},
   type = {Journal Article}
}

@article{RN23,
   author = {Roux, S. and Enault, F. and Hurwitz, B. L. and Sullivan, M. B.},
   title = {VirSorter: mining viral signal from microbial genomic data},
   journal = {PeerJ},
   volume = {3},
   pages = {e985},
   ISSN = {2167-8359 (Print)
2167-8359 (Linking)},
   DOI = {10.7717/peerj.985},
   url = {https://www.ncbi.nlm.nih.gov/pubmed/26038737},
   year = {2015},
   type = {Journal Article}
}

@article{RN41,
   author = {Rubinacci, S. and Delaneau, O. and Marchini, J.},
   title = {Genotype imputation using the Positional Burrows Wheeler Transform},
   journal = {PLoS Genet},
   volume = {16},
   number = {11},
   pages = {e1009049},
   ISSN = {1553-7404 (Electronic)
1553-7390 (Linking)},
   DOI = {10.1371/journal.pgen.1009049},
   url = {https://www.ncbi.nlm.nih.gov/pubmed/33196638},
   year = {2020},
   type = {Journal Article}
}

@article{RN188,
   author = {Saito, R. and Smoot, M. E. and Ono, K. and Ruscheinski, J. and Wang, P. L. and Lotia, S. and Pico, A. R. and Bader, G. D. and Ideker, T.},
   title = {A travel guide to Cytoscape plugins},
   journal = {Nat Methods},
   volume = {9},
   number = {11},
   pages = {1069-76},
   ISSN = {1548-7105 (Electronic)
1548-7091 (Linking)},
   DOI = {10.1038/nmeth.2212},
   url = {https://www.ncbi.nlm.nih.gov/pubmed/23132118},
   year = {2012},
   type = {Journal Article}
}

@article{RN4,
   author = {Sakowski, E. and Uritskiy, G. and Cooper, R. and Gomes, M. and McLaren, M. R. and Meisel, J. S. and Mickol, R. L. and Mintz, C. D. and Mongodin, E. F. and Pop, M. and Rahman, M. A. and Sanchez, A. and Timp, W. and Vela, J. D. and Wolz, C. M. and Zackular, J. P. and Chopyk, J. and Commichaux, S. and Davis, M. and Dluzen, D. and Ganesan, S. M. and Haruna, M. and Nasko, D. and Regan, M. J. and Sarria, S. and Shah, N. and Stacy, B. and Taylor, D. and DiRuggiero, J. and Preheim, S. P.},
   title = {Current State of and Future Opportunities for Prediction in Microbiome Research: Report from the Mid-Atlantic Microbiome Meet-up in Baltimore on 9 January 2019},
   journal = {mSystems},
   volume = {4},
   number = {5},
   ISSN = {2379-5077 (Print)
2379-5077 (Linking)},
   DOI = {10.1128/mSystems.00392-19},
   url = {https://www.ncbi.nlm.nih.gov/pubmed/31594828},
   year = {2019},
   type = {Journal Article}
}

@article{RN2985,
   author = {Sakowski, E. G. and Arora-Williams, K. and Tian, F. and Zayed, A. A. and Zablocki, O. and Sullivan, M. B. and Preheim, S. P.},
   title = {Interaction dynamics and virus-host range for estuarine actinophages captured by epicPCR},
   journal = {Nat Microbiol},
   volume = {6},
   number = {5},
   pages = {630-642},
   ISSN = {2058-5276 (Electronic)
2058-5276 (Linking)},
   DOI = {10.1038/s41564-021-00873-4},
   url = {https://www.ncbi.nlm.nih.gov/pubmed/33633401},
   year = {2021},
   type = {Journal Article}
}

@article{RN90,
   author = {Salamon, J. and Goenawan, I. H. and Lynn, D. J.},
   title = {Analysis and Visualization of Dynamic Networks Using the DyNet App for Cytoscape},
   journal = {Curr Protoc Bioinformatics},
   volume = {63},
   number = {1},
   pages = {e55},
   ISSN = {1934-340X (Electronic)
1934-3396 (Linking)},
   DOI = {10.1002/cpbi.55},
   url = {https://www.ncbi.nlm.nih.gov/pubmed/30168906},
   year = {2018},
   type = {Journal Article}
}

@article{RN59,
   author = {Salavert Torres, J. and Blanquer Espert, I. and Dominguez, A. T. and Hernandez Garcia, V. and Medina Castello, I. and Tarraga Gimenez, J. and Dopazo Blazquez, J.},
   title = {Using GPUs for the exact alignment of short-read genetic sequences by means of the Burrows-Wheeler transform},
   journal = {IEEE/ACM Trans Comput Biol Bioinform},
   volume = {9},
   number = {4},
   pages = {1245-56},
   ISSN = {1557-9964 (Electronic)
1545-5963 (Linking)},
   DOI = {10.1109/TCBB.2012.49},
   url = {https://www.ncbi.nlm.nih.gov/pubmed/22450827},
   year = {2012},
   type = {Journal Article}
}

@article{RN2896,
   author = {Salvador, R. B. and Tomotani, B. M.},
   title = {The Kraken: when myth encounters science},
   journal = {Hist Cienc Saude Manguinhos},
   volume = {21},
   number = {3},
   pages = {971-94},
   ISSN = {1678-4758 (Electronic)
0104-5970 (Linking)},
   DOI = {10.1590/s0104-59702014000300010},
   url = {https://www.ncbi.nlm.nih.gov/pubmed/25338036},
   year = {2014},
   type = {Journal Article}
}

@article{RN238,
   author = {Salwinski, L. and Eisenberg, D.},
   title = {The MiSink Plugin: Cytoscape as a graphical interface to the Database of Interacting Proteins},
   journal = {Bioinformatics},
   volume = {23},
   number = {16},
   pages = {2193-5},
   ISSN = {1367-4811 (Electronic)
1367-4803 (Linking)},
   DOI = {10.1093/bioinformatics/btm304},
   url = {https://www.ncbi.nlm.nih.gov/pubmed/17553858},
   year = {2007},
   type = {Journal Article}
}

@article{RN39,
   author = {Sanaullah, A. and Zhi, D. and Zhang, S.},
   title = {d-PBWT: dynamic positional Burrows-Wheeler transform},
   journal = {Bioinformatics},
   ISSN = {1367-4811 (Electronic)
1367-4803 (Linking)},
   DOI = {10.1093/bioinformatics/btab117},
   url = {https://www.ncbi.nlm.nih.gov/pubmed/33624749},
   year = {2021},
   type = {Journal Article}
}

@article{RN2971,
   author = {Sangwan, N. and Xia, F. and Gilbert, J. A.},
   title = {Recovering complete and draft population genomes from metagenome datasets},
   journal = {Microbiome},
   volume = {4},
   pages = {8},
   ISSN = {2049-2618 (Electronic)
2049-2618 (Linking)},
   DOI = {10.1186/s40168-016-0154-5},
   url = {https://www.ncbi.nlm.nih.gov/pubmed/26951112},
   year = {2016},
   type = {Journal Article}
}

@article{RN2911,
   author = {Satapathy, S. K. and Banerjee, P. and Pierre, J. F. and Higgins, D. and Dutta, S. and Heda, R. and Khan, S. D. and Mupparaju, V. K. and Mas, V. and Nair, S. and Eason, J. D. and Kleiner, D. E. and Maluf, D. G.},
   title = {Characterization of Gut Microbiome in Liver Transplant Recipients With Nonalcoholic Steatohepatitis},
   journal = {Transplant Direct},
   volume = {6},
   number = {12},
   pages = {e625},
   ISSN = {2373-8731 (Print)
2373-8731 (Linking)},
   DOI = {10.1097/TXD.0000000000001033},
   url = {https://www.ncbi.nlm.nih.gov/pubmed/33204823},
   year = {2020},
   type = {Journal Article}
}

@article{RN2972,
   author = {Schulz, F. and Andreani, J. and Francis, R. and Boudjemaa, H. and Bou Khalil, J. Y. and Lee, J. and La Scola, B. and Woyke, T.},
   title = {Advantages and Limits of Metagenomic Assembly and Binning of a Giant Virus},
   journal = {mSystems},
   volume = {5},
   number = {3},
   ISSN = {2379-5077 (Print)
2379-5077 (Linking)},
   DOI = {10.1128/mSystems.00048-20},
   url = {https://www.ncbi.nlm.nih.gov/pubmed/32576649},
   year = {2020},
   type = {Journal Article}
}

@article{RN92,
   author = {Settle, B. and Otasek, D. and Morris, J. H. and Demchak, B.},
   title = {aMatReader: Importing adjacency matrices via Cytoscape Automation},
   journal = {F1000Res},
   volume = {7},
   ISSN = {2046-1402 (Electronic)
2046-1402 (Linking)},
   DOI = {10.12688/f1000research.15146.2},
   url = {https://www.ncbi.nlm.nih.gov/pubmed/30026937},
   year = {2018},
   type = {Journal Article}
}

@article{RN93,
   author = {Settle, B. and Otasek, D. and Morris, J. H. and Demchak, B.},
   title = {Copycat Layout: Network layout alignment via Cytoscape Automation},
   journal = {F1000Res},
   volume = {7},
   ISSN = {2046-1402 (Electronic)
2046-1402 (Linking)},
   DOI = {10.12688/f1000research.15144.2},
   url = {https://www.ncbi.nlm.nih.gov/pubmed/30026936},
   year = {2018},
   type = {Journal Article}
}

@article{RN244,
   author = {Shannon, P. and Markiel, A. and Ozier, O. and Baliga, N. S. and Wang, J. T. and Ramage, D. and Amin, N. and Schwikowski, B. and Ideker, T.},
   title = {Cytoscape: a software environment for integrated models of biomolecular interaction networks},
   journal = {Genome Res},
   volume = {13},
   number = {11},
   pages = {2498-504},
   ISSN = {1088-9051 (Print)
1088-9051 (Linking)},
   DOI = {10.1101/gr.1239303},
   url = {https://www.ncbi.nlm.nih.gov/pubmed/14597658},
   year = {2003},
   type = {Journal Article}
}

@article{RN181,
   author = {Shavit, Y. and Lio, P.},
   title = {CytoHiC: a cytoscape plugin for visual comparison of Hi-C networks},
   journal = {Bioinformatics},
   volume = {29},
   number = {9},
   pages = {1206-7},
   ISSN = {1367-4811 (Electronic)
1367-4803 (Linking)},
   DOI = {10.1093/bioinformatics/btt120},
   url = {https://www.ncbi.nlm.nih.gov/pubmed/23508968},
   year = {2013},
   type = {Journal Article}
}

@article{RN117,
   author = {Shi, X. and Banerjee, S. and Chen, L. and Hilakivi-Clarke, L. and Clarke, R. and Xuan, J.},
   title = {CyNetSVM: A Cytoscape App for Cancer Biomarker Identification Using Network Constrained Support Vector Machines},
   journal = {PLoS One},
   volume = {12},
   number = {1},
   pages = {e0170482},
   ISSN = {1932-6203 (Electronic)
1932-6203 (Linking)},
   DOI = {10.1371/journal.pone.0170482},
   url = {https://www.ncbi.nlm.nih.gov/pubmed/28122019},
   year = {2017},
   type = {Journal Article}
}

@article{RN2941,
   author = {Singh, B. K. and Trivedi, P. and Egidi, E. and Macdonald, C. A. and Delgado-Baquerizo, M.},
   title = {Crop microbiome and sustainable agriculture},
   journal = {Nat Rev Microbiol},
   volume = {18},
   number = {11},
   pages = {601-602},
   ISSN = {1740-1534 (Electronic)
1740-1526 (Linking)},
   DOI = {10.1038/s41579-020-00446-y},
   url = {https://www.ncbi.nlm.nih.gov/pubmed/33037425},
   year = {2020},
   type = {Journal Article}
}

@article{RN2940,
   author = {Singh, B. K. and Trivedi, P. and Egidi, E. and Macdonald, C. A. and Delgado-Baquerizo, M.},
   title = {Author Correction: Crop microbiome and sustainable agriculture},
   journal = {Nat Rev Microbiol},
   volume = {19},
   number = {1},
   pages = {72},
   ISSN = {1740-1534 (Electronic)
1740-1526 (Linking)},
   DOI = {10.1038/s41579-020-00483-7},
   url = {https://www.ncbi.nlm.nih.gov/pubmed/33184507},
   year = {2021},
   type = {Journal Article}
}

@article{RN77,
   author = {Singhal, A. and Cao, S. and Churas, C. and Pratt, D. and Fortunato, S. and Zheng, F. and Ideker, T.},
   title = {Multiscale community detection in Cytoscape},
   journal = {PLoS Comput Biol},
   volume = {16},
   number = {10},
   pages = {e1008239},
   ISSN = {1553-7358 (Electronic)
1553-734X (Linking)},
   DOI = {10.1371/journal.pcbi.1008239},
   url = {https://www.ncbi.nlm.nih.gov/pubmed/33095781},
   year = {2020},
   type = {Journal Article}
}

@article{RN2965,
   author = {Smits, S. L. and Bodewes, R. and Ruiz-Gonzalez, A. and Baumgartner, W. and Koopmans, M. P. and Osterhaus, A. D. and Schurch, A. C.},
   title = {Assembly of viral genomes from metagenomes},
   journal = {Front Microbiol},
   volume = {5},
   pages = {714},
   ISSN = {1664-302X (Print)
1664-302X (Linking)},
   DOI = {10.3389/fmicb.2014.00714},
   url = {https://www.ncbi.nlm.nih.gov/pubmed/25566226},
   year = {2014},
   type = {Journal Article}
}

@article{RN208,
   author = {Smoot, M. and Ono, K. and Ideker, T. and Maere, S.},
   title = {PiNGO: a Cytoscape plugin to find candidate genes in biological networks},
   journal = {Bioinformatics},
   volume = {27},
   number = {7},
   pages = {1030-1},
   ISSN = {1367-4811 (Electronic)
1367-4803 (Linking)},
   DOI = {10.1093/bioinformatics/btr045},
   url = {https://www.ncbi.nlm.nih.gov/pubmed/21278188},
   year = {2011},
   type = {Journal Article}
}

@article{RN209,
   author = {Smoot, M. E. and Ono, K. and Ruscheinski, J. and Wang, P. L. and Ideker, T.},
   title = {Cytoscape 2.8: new features for data integration and network visualization},
   journal = {Bioinformatics},
   volume = {27},
   number = {3},
   pages = {431-2},
   ISSN = {1367-4811 (Electronic)
1367-4803 (Linking)},
   DOI = {10.1093/bioinformatics/btq675},
   url = {https://www.ncbi.nlm.nih.gov/pubmed/21149340},
   year = {2011},
   type = {Journal Article}
}

@article{RN2966,
   author = {Somerville, V. and Lutz, S. and Schmid, M. and Frei, D. and Moser, A. and Irmler, S. and Frey, J. E. and Ahrens, C. H.},
   title = {Long-read based de novo assembly of low-complexity metagenome samples results in finished genomes and reveals insights into strain diversity and an active phage system},
   journal = {BMC Microbiol},
   volume = {19},
   number = {1},
   pages = {143},
   ISSN = {1471-2180 (Electronic)
1471-2180 (Linking)},
   DOI = {10.1186/s12866-019-1500-0},
   url = {https://www.ncbi.nlm.nih.gov/pubmed/31238873},
   year = {2019},
   type = {Journal Article}
}

@article{RN121,
   author = {Soul, J. and Dunn, S. L. and Hardingham, T. E. and Boot-Handford, R. P. and Schwartz, J. M.},
   title = {PhenomeScape: a cytoscape app to identify differentially regulated sub-networks using known disease associations},
   journal = {Bioinformatics},
   volume = {32},
   number = {24},
   pages = {3847-3849},
   ISSN = {1367-4811 (Electronic)
1367-4803 (Linking)},
   DOI = {10.1093/bioinformatics/btw545},
   url = {https://www.ncbi.nlm.nih.gov/pubmed/27559157},
   year = {2016},
   type = {Journal Article}
}

@article{RN177,
   author = {Spinelli, L. and Gambette, P. and Chapple, C. E. and Robisson, B. and Baudot, A. and Garreta, H. and Tichit, L. and Guenoche, A. and Brun, C.},
   title = {Clust&See: a Cytoscape plugin for the identification, visualization and manipulation of network clusters},
   journal = {Biosystems},
   volume = {113},
   number = {2},
   pages = {91-5},
   ISSN = {1872-8324 (Electronic)
0303-2647 (Linking)},
   DOI = {10.1016/j.biosystems.2013.05.010},
   url = {https://www.ncbi.nlm.nih.gov/pubmed/23743336},
   year = {2013},
   type = {Journal Article}
}

@article{RN94,
   author = {Spohr, P. and Dinkla, K. and Klau, G. W. and El-Kebir, M.},
   title = {eXamine: Visualizing annotated networks in Cytoscape},
   journal = {F1000Res},
   volume = {7},
   pages = {519},
   ISSN = {2046-1402 (Print)
2046-1402 (Linking)},
   DOI = {10.12688/f1000research.14612.2},
   url = {https://www.ncbi.nlm.nih.gov/pubmed/29983924},
   year = {2018},
   type = {Journal Article}
}

@article{RN2904,
   author = {Stalder, T. and Press, M. O. and Sullivan, S. and Liachko, I. and Top, E. M.},
   title = {Linking the resistome and plasmidome to the microbiome},
   journal = {ISME J},
   volume = {13},
   number = {10},
   pages = {2437-2446},
   ISSN = {1751-7370 (Electronic)
1751-7362 (Linking)},
   DOI = {10.1038/s41396-019-0446-4},
   url = {https://www.ncbi.nlm.nih.gov/pubmed/31147603},
   year = {2019},
   type = {Journal Article}
}

@article{RN142,
   author = {Steinfeld, I. and Navon, R. and Creech, M. L. and Yakhini, Z. and Tsalenko, A.},
   title = {ENViz: a Cytoscape App for integrated statistical analysis and visualization of sample-matched data with multiple data types},
   journal = {Bioinformatics},
   volume = {31},
   number = {10},
   pages = {1683-5},
   ISSN = {1367-4811 (Electronic)
1367-4803 (Linking)},
   DOI = {10.1093/bioinformatics/btu853},
   url = {https://www.ncbi.nlm.nih.gov/pubmed/25577435},
   year = {2015},
   type = {Journal Article}
}

@article{RN2903,
   author = {Stewart, R. D. and Auffret, M. D. and Warr, A. and Wiser, A. H. and Press, M. O. and Langford, K. W. and Liachko, I. and Snelling, T. J. and Dewhurst, R. J. and Walker, A. W. and Roehe, R. and Watson, M.},
   title = {Assembly of 913 microbial genomes from metagenomic sequencing of the cow rumen},
   journal = {Nat Commun},
   volume = {9},
   number = {1},
   pages = {870},
   ISSN = {2041-1723 (Electronic)
2041-1723 (Linking)},
   DOI = {10.1038/s41467-018-03317-6},
   url = {https://www.ncbi.nlm.nih.gov/pubmed/29491419},
   year = {2018},
   type = {Journal Article}
}

@article{RN194,
   author = {Stojmirovic, A. and Bliskovsky, A. and Yu, Y. K.},
   title = {CytoITMprobe: a network information flow plugin for Cytoscape},
   journal = {BMC Res Notes},
   volume = {5},
   pages = {237},
   ISSN = {1756-0500 (Electronic)
1756-0500 (Linking)},
   DOI = {10.1186/1756-0500-5-237},
   url = {https://www.ncbi.nlm.nih.gov/pubmed/22587372},
   year = {2012},
   type = {Journal Article}
}

@article{RN196,
   author = {Stojmirovic, A. and Bliskovsky, A. and Yu, Y. K.},
   title = {CytoSaddleSum: a functional enrichment analysis plugin for Cytoscape based on sum-of-weights scores},
   journal = {Bioinformatics},
   volume = {28},
   number = {6},
   pages = {893-4},
   ISSN = {1367-4811 (Electronic)
1367-4803 (Linking)},
   DOI = {10.1093/bioinformatics/bts041},
   url = {https://www.ncbi.nlm.nih.gov/pubmed/22345616},
   year = {2012},
   type = {Journal Article}
}

@article{RN161,
   author = {Su, G. and Morris, J. H. and Demchak, B. and Bader, G. D.},
   title = {Biological network exploration with Cytoscape 3},
   journal = {Curr Protoc Bioinformatics},
   volume = {47},
   pages = {8 13 1-24},
   ISSN = {1934-340X (Electronic)
1934-3396 (Linking)},
   DOI = {10.1002/0471250953.bi0813s47},
   url = {https://www.ncbi.nlm.nih.gov/pubmed/25199793},
   year = {2014},
   type = {Journal Article}
}

@article{RN135,
   author = {Summer, G. and Kelder, T. and Ono, K. and Radonjic, M. and Heymans, S. and Demchak, B.},
   title = {cyNeo4j: connecting Neo4j and Cytoscape},
   journal = {Bioinformatics},
   volume = {31},
   number = {23},
   pages = {3868-9},
   ISSN = {1367-4811 (Electronic)
1367-4803 (Linking)},
   DOI = {10.1093/bioinformatics/btv460},
   url = {https://www.ncbi.nlm.nih.gov/pubmed/26272981},
   year = {2015},
   type = {Journal Article}
}

@article{RN2943,
   author = {Sutton, T. D. S. and Hill, C.},
   title = {Gut Bacteriophage: Current Understanding and Challenges},
   journal = {Front Endocrinol (Lausanne)},
   volume = {10},
   pages = {784},
   ISSN = {1664-2392 (Print)
1664-2392 (Linking)},
   DOI = {10.3389/fendo.2019.00784},
   url = {https://www.ncbi.nlm.nih.gov/pubmed/31849833},
   year = {2019},
   type = {Journal Article}
}

@article{RN192,
   author = {Szalay-Beko, M. and Palotai, R. and Szappanos, B. and Kovacs, I. A. and Papp, B. and Csermely, P.},
   title = {ModuLand plug-in for Cytoscape: determination of hierarchical layers of overlapping network modules and community centrality},
   journal = {Bioinformatics},
   volume = {28},
   number = {16},
   pages = {2202-4},
   ISSN = {1367-4811 (Electronic)
1367-4803 (Linking)},
   DOI = {10.1093/bioinformatics/bts352},
   url = {https://www.ncbi.nlm.nih.gov/pubmed/22718784},
   year = {2012},
   type = {Journal Article}
}

@article{RN179,
   author = {Tang, B. and Wang, Q. and Yang, M. and Xie, F. and Zhu, Y. and Zhuo, Y. and Wang, S. and Gao, H. and Ding, X. and Zhang, L. and Zhao, G. and Zheng, H.},
   title = {ContigScape: a Cytoscape plugin facilitating microbial genome gap closing},
   journal = {BMC Genomics},
   volume = {14},
   pages = {289},
   ISSN = {1471-2164 (Electronic)
1471-2164 (Linking)},
   DOI = {10.1186/1471-2164-14-289},
   url = {https://www.ncbi.nlm.nih.gov/pubmed/23627759},
   year = {2013},
   type = {Journal Article}
}

@article{RN148,
   author = {Tang, Y. and Li, M. and Wang, J. and Pan, Y. and Wu, F. X.},
   title = {CytoNCA: a cytoscape plugin for centrality analysis and evaluation of protein interaction networks},
   journal = {Biosystems},
   volume = {127},
   pages = {67-72},
   ISSN = {1872-8324 (Electronic)
0303-2647 (Linking)},
   DOI = {10.1016/j.biosystems.2014.11.005},
   url = {https://www.ncbi.nlm.nih.gov/pubmed/25451770},
   year = {2015},
   type = {Journal Article}
}

@article{RN114,
   author = {Tay, A. P. and Pang, C. N. I. and Winter, D. L. and Wilkins, M. R.},
   title = {PTMOracle: A Cytoscape App for Covisualizing and Coanalyzing Post-Translational Modifications in Protein Interaction Networks},
   journal = {J Proteome Res},
   volume = {16},
   number = {5},
   pages = {1988-2003},
   ISSN = {1535-3907 (Electronic)
1535-3893 (Linking)},
   DOI = {10.1021/acs.jproteome.6b01052},
   url = {https://www.ncbi.nlm.nih.gov/pubmed/28349685},
   year = {2017},
   type = {Journal Article}
}

@article{RN2925,
   author = {Thomas, M. and Webb, M. and Ghimire, S. and Blair, A. and Olson, K. and Fenske, G. J. and Fonder, A. T. and Christopher-Hennings, J. and Brake, D. and Scaria, J.},
   title = {Metagenomic characterization of the effect of feed additives on the gut microbiome and antibiotic resistome of feedlot cattle},
   journal = {Sci Rep},
   volume = {7},
   number = {1},
   pages = {12257},
   ISSN = {2045-2322 (Electronic)
2045-2322 (Linking)},
   DOI = {10.1038/s41598-017-12481-6},
   url = {https://www.ncbi.nlm.nih.gov/pubmed/28947833},
   year = {2017},
   type = {Journal Article}
}

@article{RN156,
   author = {Tian, Y. and Zhang, B. and Hoffman, E. P. and Clarke, R. and Zhang, Z. and Shih Ie, M. and Xuan, J. and Herrington, D. M. and Wang, Y.},
   title = {KDDN: an open-source Cytoscape app for constructing differential dependency networks with significant rewiring},
   journal = {Bioinformatics},
   volume = {31},
   number = {2},
   pages = {287-9},
   ISSN = {1367-4811 (Electronic)
1367-4803 (Linking)},
   DOI = {10.1093/bioinformatics/btu632},
   url = {https://www.ncbi.nlm.nih.gov/pubmed/25273109},
   year = {2015},
   type = {Journal Article}
}

@article{RN91,
   author = {Treister, A. and Pico, A. R.},
   title = {Identifier Mapping in Cytoscape},
   journal = {F1000Res},
   volume = {7},
   pages = {725},
   ISSN = {2046-1402 (Electronic)
2046-1402 (Linking)},
   DOI = {10.12688/f1000research.14807.2},
   url = {https://www.ncbi.nlm.nih.gov/pubmed/30079244},
   year = {2018},
   type = {Journal Article}
}

@article{RN5,
   author = {Trinh, H. V. and Gohain, N. and Pham, P. T. and Hamlin, C. and Song, H. and Sanders-Buell, E. and Bose, M. and Eller, L. A. and Jain, S. and Uritskiy, G. and Rao, V. B. and Tovanabutra, S. and Michael, N. L. and Robb, M. L. and Joyce, M. G. and Rao, M.},
   title = {Correction: Trinh, H.V., et al. Humoral Response to the HIV-1 Envelope V2 Region in a Thai Early Acute Infection Cohort. Cells 2019, 8, 365},
   journal = {Cells},
   volume = {8},
   number = {6},
   ISSN = {2073-4409 (Print)
2073-4409 (Linking)},
   DOI = {10.3390/cells8060554},
   url = {https://www.ncbi.nlm.nih.gov/pubmed/31174408},
   year = {2019},
   type = {Journal Article}
}

@article{RN6,
   author = {Trinh, H. V. and Gohain, N. and Pham, P. T. and Hamlin, C. and Song, H. and Sanders-Buell, E. and Bose, M. and Eller, L. A. and Jain, S. and Uritskiy, G. and Rao, V. B. and Tovanabutra, S. and Michael, N. L. and Robb, M. L. and Joyce, M. G. and Rao, M.},
   title = {Humoral Response to the HIV-1 Envelope V2 Region in a Thai Early Acute Infection Cohort},
   journal = {Cells},
   volume = {8},
   number = {4},
   ISSN = {2073-4409 (Print)
2073-4409 (Linking)},
   DOI = {10.3390/cells8040365},
   url = {https://www.ncbi.nlm.nih.gov/pubmed/31010245},
   year = {2019},
   type = {Journal Article}
}

@article{RN116,
   author = {Truong, C. D. and Tran, T. D. and Kwon, Y. K.},
   title = {MORO: a Cytoscape app for relationship analysis between modularity and robustness in large-scale biological networks},
   journal = {BMC Syst Biol},
   volume = {10},
   number = {Suppl 4},
   pages = {122},
   ISSN = {1752-0509 (Electronic)
1752-0509 (Linking)},
   DOI = {10.1186/s12918-016-0363-3},
   url = {https://www.ncbi.nlm.nih.gov/pubmed/28155725},
   year = {2016},
   type = {Journal Article}
}

@article{RN2922,
   author = {Tu, P. and Bian, X. and Chi, L. and Gao, B. and Ru, H. and Knobloch, T. J. and Weghorst, C. M. and Lu, K.},
   title = {Characterization of the Functional Changes in Mouse Gut Microbiome Associated with Increased Akkermansia muciniphila Population Modulated by Dietary Black Raspberries},
   journal = {ACS Omega},
   volume = {3},
   number = {9},
   pages = {10927-10937},
   ISSN = {2470-1343 (Print)
2470-1343 (Linking)},
   DOI = {10.1021/acsomega.8b00064},
   url = {https://www.ncbi.nlm.nih.gov/pubmed/30288460},
   year = {2018},
   type = {Journal Article}
}

@article{RN2935,
   author = {Tyler, A. D. and Knox, N. and Kabakchiev, B. and Milgrom, R. and Kirsch, R. and Cohen, Z. and McLeod, R. S. and Guttman, D. S. and Krause, D. O. and Silverberg, M. S.},
   title = {Characterization of the gut-associated microbiome in inflammatory pouch complications following ileal pouch-anal anastomosis},
   journal = {PLoS One},
   volume = {8},
   number = {9},
   pages = {e66934},
   ISSN = {1932-6203 (Electronic)
1932-6203 (Linking)},
   DOI = {10.1371/journal.pone.0066934},
   url = {https://www.ncbi.nlm.nih.gov/pubmed/24086242},
   year = {2013},
   type = {Journal Article}
}

@article{RN7,
   author = {Uritskiy, G. and DiRuggiero, J.},
   title = {Applying Genome-Resolved Metagenomics to Deconvolute the Halophilic Microbiome},
   journal = {Genes (Basel)},
   volume = {10},
   number = {3},
   ISSN = {2073-4425 (Print)
2073-4425 (Linking)},
   DOI = {10.3390/genes10030220},
   url = {https://www.ncbi.nlm.nih.gov/pubmed/30875864},
   year = {2019},
   type = {Journal Article}
}

@article{RN8,
   author = {Uritskiy, G. and Getsin, S. and Munn, A. and Gomez-Silva, B. and Davila, A. and Glass, B. and Taylor, J. and DiRuggiero, J.},
   title = {Halophilic microbial community compositional shift after a rare rainfall in the Atacama Desert},
   journal = {ISME J},
   volume = {13},
   number = {11},
   pages = {2737-2749},
   ISSN = {1751-7370 (Electronic)
1751-7362 (Linking)},
   DOI = {10.1038/s41396-019-0468-y},
   url = {https://www.ncbi.nlm.nih.gov/pubmed/31273300},
   year = {2019},
   type = {Journal Article}
}

@article{RN9,
   author = {Uritskiy, G. and Munn, A. and Dailey, M. and Gelsinger, D. R. and Getsin, S. and Davila, A. and McCullough, P. R. and Taylor, J. and DiRuggiero, J.},
   title = {Environmental Factors Driving Spatial Heterogeneity in Desert Halophile Microbial Communities},
   journal = {Front Microbiol},
   volume = {11},
   pages = {578669},
   ISSN = {1664-302X (Print)
1664-302X (Linking)},
   DOI = {10.3389/fmicb.2020.578669},
   url = {https://www.ncbi.nlm.nih.gov/pubmed/33193201},
   year = {2020},
   type = {Journal Article}
}

@article{RN10,
   author = {Uritskiy, G. and Tisza, M. J. and Gelsinger, D. R. and Munn, A. and Taylor, J. and DiRuggiero, J.},
   title = {Cellular life from the three domains and viruses are transcriptionally active in a hypersaline desert community},
   journal = {Environ Microbiol},
   ISSN = {1462-2920 (Electronic)
1462-2912 (Linking)},
   DOI = {10.1111/1462-2920.15023},
   url = {https://www.ncbi.nlm.nih.gov/pubmed/32307861},
   year = {2020},
   type = {Journal Article}
}

@article{RN11,
   author = {Uritskiy, G. V. and DiRuggiero, J. and Taylor, J.},
   title = {MetaWRAP-a flexible pipeline for genome-resolved metagenomic data analysis},
   journal = {Microbiome},
   volume = {6},
   number = {1},
   pages = {158},
   ISSN = {2049-2618 (Electronic)
2049-2618 (Linking)},
   DOI = {10.1186/s40168-018-0541-1},
   url = {https://www.ncbi.nlm.nih.gov/pubmed/30219103},
   year = {2018},
   type = {Journal Article}
}

@article{RN2895,
   author = {Valenzuela-Gonzalez, F. and Martinez-Porchas, M. and Villalpando-Canchola, E. and Vargas-Albores, F.},
   title = {Studying long 16S rDNA sequences with ultrafast-metagenomic sequence classification using exact alignments (Kraken)},
   journal = {J Microbiol Methods},
   volume = {122},
   pages = {38-42},
   ISSN = {1872-8359 (Electronic)
0167-7012 (Linking)},
   DOI = {10.1016/j.mimet.2016.01.011},
   url = {https://www.ncbi.nlm.nih.gov/pubmed/26812576},
   year = {2016},
   type = {Journal Article}
}

@article{RN115,
   author = {Van Parys, T. and Melckenbeeck, I. and Houbraken, M. and Audenaert, P. and Colle, D. and Pickavet, M. and Demeester, P. and Van de Peer, Y.},
   title = {A Cytoscape app for motif enumeration with ISMAGS},
   journal = {Bioinformatics},
   volume = {33},
   number = {3},
   pages = {461-463},
   ISSN = {1367-4811 (Electronic)
1367-4803 (Linking)},
   DOI = {10.1093/bioinformatics/btw626},
   url = {https://www.ncbi.nlm.nih.gov/pubmed/28158465},
   year = {2017},
   type = {Journal Article}
}

@article{RN242,
   author = {Vlasblom, J. and Wu, S. and Pu, S. and Superina, M. and Liu, G. and Orsi, C. and Wodak, S. J.},
   title = {GenePro: a Cytoscape plug-in for advanced visualization and analysis of interaction networks},
   journal = {Bioinformatics},
   volume = {22},
   number = {17},
   pages = {2178-9},
   ISSN = {1367-4811 (Electronic)
1367-4803 (Linking)},
   DOI = {10.1093/bioinformatics/btl356},
   url = {https://www.ncbi.nlm.nih.gov/pubmed/16921162},
   year = {2006},
   type = {Journal Article}
}

@article{RN2955,
   author = {Vyshenska, D. and Lam, K. C. and Shulzhenko, N. and Morgun, A.},
   title = {Interplay between viruses and bacterial microbiota in cancer development},
   journal = {Semin Immunol},
   volume = {32},
   pages = {14-24},
   ISSN = {1096-3618 (Electronic)
1044-5323 (Linking)},
   DOI = {10.1016/j.smim.2017.05.003},
   url = {https://www.ncbi.nlm.nih.gov/pubmed/28602713},
   year = {2017},
   type = {Journal Article}
}

@article{RN202,
   author = {Wallace, I. M. and Bader, G. D. and Giaever, G. and Nislow, C.},
   title = {Displaying chemical information on a biological network using Cytoscape},
   journal = {Methods Mol Biol},
   volume = {781},
   pages = {363-76},
   ISSN = {1940-6029 (Electronic)
1064-3745 (Linking)},
   DOI = {10.1007/978-1-61779-276-2_18},
   url = {https://www.ncbi.nlm.nih.gov/pubmed/21877291},
   year = {2011},
   type = {Journal Article}
}

@article{RN2946,
   author = {Wan, X. and Xu, L. and Sun, X. and Li, H. and Yan, F. and Han, R. and Li, H. and Li, Z. and Tian, Y. and Liu, X. and Kang, X. and Wang, Z. and Wang, Y.},
   title = {Gut microbiota profiles of commercial laying hens infected with tumorigenic viruses},
   journal = {BMC Vet Res},
   volume = {16},
   number = {1},
   pages = {218},
   ISSN = {1746-6148 (Electronic)
1746-6148 (Linking)},
   DOI = {10.1186/s12917-020-02430-3},
   url = {https://www.ncbi.nlm.nih.gov/pubmed/32600312},
   year = {2020},
   type = {Journal Article}
}

@article{RN2917,
   author = {Wang, C. and Li, P. and Yan, Q. and Chen, L. and Li, T. and Zhang, W. and Li, H. and Chen, C. and Han, X. and Zhang, S. and Xu, M. and Li, B. and Zhang, X. and Ni, H. and Ma, Y. and Dong, B. and Li, S. and Liu, S.},
   title = {Characterization of the Pig Gut Microbiome and Antibiotic Resistome in Industrialized Feedlots in China},
   journal = {mSystems},
   volume = {4},
   number = {6},
   ISSN = {2379-5077 (Print)
2379-5077 (Linking)},
   DOI = {10.1128/mSystems.00206-19},
   url = {https://www.ncbi.nlm.nih.gov/pubmed/31848308},
   year = {2019},
   type = {Journal Article}
}

@article{RN134,
   author = {Wang, J. and Zhong, J. and Chen, G. and Li, M. and Wu, F. X. and Pan, Y.},
   title = {ClusterViz: A Cytoscape APP for Cluster Analysis of Biological Network},
   journal = {IEEE/ACM Trans Comput Biol Bioinform},
   volume = {12},
   number = {4},
   pages = {815-22},
   ISSN = {1557-9964 (Electronic)
1545-5963 (Linking)},
   DOI = {10.1109/TCBB.2014.2361348},
   url = {https://www.ncbi.nlm.nih.gov/pubmed/26357321},
   year = {2015},
   type = {Journal Article}
}

@article{RN201,
   author = {Wang, L. and Khankhanian, P. and Baranzini, S. E. and Mousavi, P.},
   title = {iCTNet: a Cytoscape plugin to produce and analyze integrative complex traits networks},
   journal = {BMC Bioinformatics},
   volume = {12},
   pages = {380},
   ISSN = {1471-2105 (Electronic)
1471-2105 (Linking)},
   DOI = {10.1186/1471-2105-12-380},
   url = {https://www.ncbi.nlm.nih.gov/pubmed/21943367},
   year = {2011},
   type = {Journal Article}
}

@article{RN157,
   author = {Wang, L. and Matsushita, T. and Madireddy, L. and Mousavi, P. and Baranzini, S. E.},
   title = {PINBPA: cytoscape app for network analysis of GWAS data},
   journal = {Bioinformatics},
   volume = {31},
   number = {2},
   pages = {262-4},
   ISSN = {1367-4811 (Electronic)
1367-4803 (Linking)},
   DOI = {10.1093/bioinformatics/btu644},
   url = {https://www.ncbi.nlm.nih.gov/pubmed/25260698},
   year = {2015},
   type = {Journal Article}
}

@article{RN172,
   author = {Wang, Q. and Tang, B. and Song, L. and Ren, B. and Liang, Q. and Xie, F. and Zhuo, Y. and Liu, X. and Zhang, L.},
   title = {3DScapeCS: application of three dimensional, parallel, dynamic network visualization in Cytoscape},
   journal = {BMC Bioinformatics},
   volume = {14},
   pages = {322},
   ISSN = {1471-2105 (Electronic)
1471-2105 (Linking)},
   DOI = {10.1186/1471-2105-14-322},
   url = {https://www.ncbi.nlm.nih.gov/pubmed/24225050},
   year = {2013},
   type = {Journal Article}
}

@article{RN2916,
   author = {Wang, W. and Wang, F. and Li, L. and Wang, A. and Sharshov, K. and Druzyaka, A. and Lancuo, Z. and Wang, S. and Shi, Y.},
   title = {Characterization of the gut microbiome of black-necked cranes (Grus nigricollis) in six wintering areas in China},
   journal = {Arch Microbiol},
   volume = {202},
   number = {5},
   pages = {983-993},
   ISSN = {1432-072X (Electronic)
0302-8933 (Linking)},
   DOI = {10.1007/s00203-019-01802-0},
   url = {https://www.ncbi.nlm.nih.gov/pubmed/31901964},
   year = {2020},
   type = {Journal Article}
}

@article{RN2907,
   author = {Wang, W. L. and Xu, S. Y. and Ren, Z. G. and Tao, L. and Jiang, J. W. and Zheng, S. S.},
   title = {Application of metagenomics in the human gut microbiome},
   journal = {World J Gastroenterol},
   volume = {21},
   number = {3},
   pages = {803-14},
   ISSN = {2219-2840 (Electronic)
1007-9327 (Linking)},
   DOI = {10.3748/wjg.v21.i3.803},
   url = {https://www.ncbi.nlm.nih.gov/pubmed/25624713},
   year = {2015},
   type = {Journal Article}
}

@article{RN168,
   author = {Welker, D. and Demchak, B.},
   title = {Porting and using PanGIA for Cytoscape 3: challenges and solutions},
   journal = {F1000Res},
   volume = {3},
   pages = {150},
   ISSN = {2046-1402 (Print)
2046-1402 (Linking)},
   DOI = {10.12688/f1000research.4546.1},
   url = {https://www.ncbi.nlm.nih.gov/pubmed/25075307},
   year = {2014},
   type = {Journal Article}
}

@article{RN213,
   author = {Westenberg, M. A. and Roerdink, J. B. and Kuipers, O. P. and van Hijum, S. A.},
   title = {SpotXplore: a Cytoscape plugin for visual exploration of hotspot expression in gene regulatory networks},
   journal = {Bioinformatics},
   volume = {26},
   number = {22},
   pages = {2922-3},
   ISSN = {1367-4811 (Electronic)
1367-4803 (Linking)},
   DOI = {10.1093/bioinformatics/btq535},
   url = {https://www.ncbi.nlm.nih.gov/pubmed/20861033},
   year = {2010},
   type = {Journal Article}
}

@article{RN198,
   author = {Whelan, C. and Sonmez, K.},
   title = {Computing graphlet signatures of network nodes and motifs in Cytoscape with GraphletCounter},
   journal = {Bioinformatics},
   volume = {28},
   number = {2},
   pages = {290-1},
   ISSN = {1367-4811 (Electronic)
1367-4803 (Linking)},
   DOI = {10.1093/bioinformatics/btr637},
   url = {https://www.ncbi.nlm.nih.gov/pubmed/22155862},
   year = {2012},
   type = {Journal Article}
}

@article{RN2921,
   author = {Whidbey, C. and Sadler, N. C. and Nair, R. N. and Volk, R. F. and DeLeon, A. J. and Bramer, L. M. and Fansler, S. J. and Hansen, J. R. and Shukla, A. K. and Jansson, J. K. and Thrall, B. D. and Wright, A. T.},
   title = {A Probe-Enabled Approach for the Selective Isolation and Characterization of Functionally Active Subpopulations in the Gut Microbiome},
   journal = {J Am Chem Soc},
   volume = {141},
   number = {1},
   pages = {42-47},
   ISSN = {1520-5126 (Electronic)
0002-7863 (Linking)},
   DOI = {10.1021/jacs.8b09668},
   url = {https://www.ncbi.nlm.nih.gov/pubmed/30541282},
   year = {2019},
   type = {Journal Article}
}

@article{RN2950,
   author = {Winkler, E. S. and Thackray, L. B.},
   title = {A long-distance relationship: the commensal gut microbiota and systemic viruses},
   journal = {Curr Opin Virol},
   volume = {37},
   pages = {44-51},
   ISSN = {1879-6265 (Electronic)
1879-6257 (Linking)},
   DOI = {10.1016/j.coviro.2019.05.009},
   url = {https://www.ncbi.nlm.nih.gov/pubmed/31226645},
   year = {2019},
   type = {Journal Article}
}

@article{RN165,
   author = {Winterhalter, C. and Nicolle, R. and Louis, A. and To, C. and Radvanyi, F. and Elati, M.},
   title = {Pepper: cytoscape app for protein complex expansion using protein-protein interaction networks},
   journal = {Bioinformatics},
   volume = {30},
   number = {23},
   pages = {3419-20},
   ISSN = {1367-4811 (Electronic)
1367-4803 (Linking)},
   DOI = {10.1093/bioinformatics/btu517},
   url = {https://www.ncbi.nlm.nih.gov/pubmed/25138169},
   year = {2014},
   type = {Journal Article}
}

@article{RN170,
   author = {Winterhalter, C. and Widera, P. and Krasnogor, N.},
   title = {JEPETTO: a Cytoscape plugin for gene set enrichment and topological analysis based on interaction networks},
   journal = {Bioinformatics},
   volume = {30},
   number = {7},
   pages = {1029-30},
   ISSN = {1367-4811 (Electronic)
1367-4803 (Linking)},
   DOI = {10.1093/bioinformatics/btt732},
   url = {https://www.ncbi.nlm.nih.gov/pubmed/24363376},
   year = {2014},
   type = {Journal Article}
}

@article{RN2890,
   author = {Wood, D. E. and Lu, J. and Langmead, B.},
   title = {Improved metagenomic analysis with Kraken 2},
   journal = {Genome Biol},
   volume = {20},
   number = {1},
   pages = {257},
   ISSN = {1474-760X (Electronic)
1474-7596 (Linking)},
   DOI = {10.1186/s13059-019-1891-0},
   url = {https://www.ncbi.nlm.nih.gov/pubmed/31779668},
   year = {2019},
   type = {Journal Article}
}

@article{RN2897,
   author = {Wood, D. E. and Salzberg, S. L.},
   title = {Kraken: ultrafast metagenomic sequence classification using exact alignments},
   journal = {Genome Biol},
   volume = {15},
   number = {3},
   pages = {R46},
   ISSN = {1474-760X (Electronic)
1474-7596 (Linking)},
   DOI = {10.1186/gb-2014-15-3-r46},
   url = {https://www.ncbi.nlm.nih.gov/pubmed/24580807},
   year = {2014},
   type = {Journal Article}
}

@article{RN153,
   author = {Wu, G. and Dawson, E. and Duong, A. and Haw, R. and Stein, L.},
   title = {ReactomeFIViz: a Cytoscape app for pathway and network-based data analysis},
   journal = {F1000Res},
   volume = {3},
   pages = {146},
   ISSN = {2046-1402 (Print)
2046-1402 (Linking)},
   DOI = {10.12688/f1000research.4431.2},
   url = {https://www.ncbi.nlm.nih.gov/pubmed/25309732},
   year = {2014},
   type = {Journal Article}
}

@article{RN101,
   author = {Wu, L. and Li, M. and Wang, J. and Wu, F. X.},
   title = {CytoCtrlAnalyser: a Cytoscape app for biomolecular network controllability analysis},
   journal = {Bioinformatics},
   volume = {34},
   number = {8},
   pages = {1428-1430},
   ISSN = {1367-4811 (Electronic)
1367-4803 (Linking)},
   DOI = {10.1093/bioinformatics/btx764},
   url = {https://www.ncbi.nlm.nih.gov/pubmed/29186337},
   year = {2018},
   type = {Journal Article}
}

@article{RN228,
   author = {Xia, T. and Dickerson, J. A.},
   title = {OmicsViz: Cytoscape plug-in for visualizing omics data across species},
   journal = {Bioinformatics},
   volume = {24},
   number = {21},
   pages = {2557-8},
   ISSN = {1367-4811 (Electronic)
1367-4803 (Linking)},
   DOI = {10.1093/bioinformatics/btn473},
   url = {https://www.ncbi.nlm.nih.gov/pubmed/18779234},
   year = {2008},
   type = {Journal Article}
}

@article{RN211,
   author = {Xia, T. and Hemert, J. V. and Dickerson, J. A.},
   title = {OmicsAnalyzer: a Cytoscape plug-in suite for modeling omics data},
   journal = {Bioinformatics},
   volume = {26},
   number = {23},
   pages = {2995-6},
   ISSN = {1367-4811 (Electronic)
1367-4803 (Linking)},
   DOI = {10.1093/bioinformatics/btq583},
   url = {https://www.ncbi.nlm.nih.gov/pubmed/20947524},
   year = {2010},
   type = {Journal Article}
}

@article{RN230,
   author = {Xiong, B. and Liu, K. and Wu, J. and Burk, D. L. and Jiang, H. and Shen, J.},
   title = {DrugViz: a Cytoscape plugin for visualizing and analyzing small molecule drugs in biological networks},
   journal = {Bioinformatics},
   volume = {24},
   number = {18},
   pages = {2117-8},
   ISSN = {1367-4811 (Electronic)
1367-4803 (Linking)},
   DOI = {10.1093/bioinformatics/btn389},
   url = {https://www.ncbi.nlm.nih.gov/pubmed/18658180},
   year = {2008},
   type = {Journal Article}
}

@article{RN2933,
   author = {Xiong, W. and Giannone, R. J. and Morowitz, M. J. and Banfield, J. F. and Hettich, R. L.},
   title = {Development of an enhanced metaproteomic approach for deepening the microbiome characterization of the human infant gut},
   journal = {J Proteome Res},
   volume = {14},
   number = {1},
   pages = {133-41},
   ISSN = {1535-3907 (Electronic)
1535-3893 (Linking)},
   DOI = {10.1021/pr500936p},
   url = {https://www.ncbi.nlm.nih.gov/pubmed/25350865},
   year = {2015},
   type = {Journal Article}
}

@article{RN2982,
   author = {Yahara, K. and Suzuki, M. and Hirabayashi, A. and Suda, W. and Hattori, M. and Suzuki, Y. and Okazaki, Y.},
   title = {Long-read metagenomics using PromethION uncovers oral bacteriophages and their interaction with host bacteria},
   journal = {Nat Commun},
   volume = {12},
   number = {1},
   pages = {27},
   ISSN = {2041-1723 (Electronic)
2041-1723 (Linking)},
   DOI = {10.1038/s41467-020-20199-9},
   url = {https://www.ncbi.nlm.nih.gov/pubmed/33397904},
   year = {2021},
   type = {Journal Article}
}

@article{RN18,
   author = {Yamada, T.},
   title = {7bgzf: Replacing samtools bgzip deflation for archiving and real-time compression},
   journal = {Comput Biol Chem},
   volume = {85},
   pages = {107207},
   ISSN = {1476-928X (Electronic)
1476-9271 (Linking)},
   DOI = {10.1016/j.compbiolchem.2020.107207},
   url = {https://www.ncbi.nlm.nih.gov/pubmed/32092548},
   year = {2020},
   type = {Journal Article}
}

@article{RN233,
   author = {Yang, L. and Walker, J. R. and Hogenesch, J. B. and Thomas, R. S.},
   title = {NetAtlas: a Cytoscape plugin to examine signaling networks based on tissue gene expression},
   journal = {In Silico Biol},
   volume = {8},
   number = {1},
   pages = {47-52},
   ISSN = {1386-6338 (Print)
1386-6338 (Linking)},
   url = {https://www.ncbi.nlm.nih.gov/pubmed/18430989},
   year = {2008},
   type = {Journal Article}
}

@article{RN63,
   author = {Yang, L. and Zhang, X. and Wang, T.},
   title = {The Burrows-Wheeler similarity distribution between biological sequences based on Burrows-Wheeler transform},
   journal = {J Theor Biol},
   volume = {262},
   number = {4},
   pages = {742-9},
   ISSN = {1095-8541 (Electronic)
0022-5193 (Linking)},
   DOI = {10.1016/j.jtbi.2009.10.033},
   url = {https://www.ncbi.nlm.nih.gov/pubmed/19903487},
   year = {2010},
   type = {Journal Article}
}

@article{RN226,
   author = {Yeung, N. and Cline, M. S. and Kuchinsky, A. and Smoot, M. E. and Bader, G. D.},
   title = {Exploring biological networks with Cytoscape software},
   journal = {Curr Protoc Bioinformatics},
   volume = {Chapter 8},
   pages = {Unit 8 13},
   ISSN = {1934-340X (Electronic)
1934-3396 (Linking)},
   DOI = {10.1002/0471250953.bi0813s23},
   url = {https://www.ncbi.nlm.nih.gov/pubmed/18819078},
   year = {2008},
   type = {Journal Article}
}

@article{RN2932,
   author = {Youmans, B. P. and Ajami, N. J. and Jiang, Z. D. and Campbell, F. and Wadsworth, W. D. and Petrosino, J. F. and DuPont, H. L. and Highlander, S. K.},
   title = {Characterization of the human gut microbiome during travelers' diarrhea},
   journal = {Gut Microbes},
   volume = {6},
   number = {2},
   pages = {110-9},
   ISSN = {1949-0984 (Electronic)
1949-0976 (Linking)},
   DOI = {10.1080/19490976.2015.1019693},
   url = {https://www.ncbi.nlm.nih.gov/pubmed/25695334},
   year = {2015},
   type = {Journal Article}
}

@article{RN2970,
   author = {Yue, Y. and Huang, H. and Qi, Z. and Dou, H. M. and Liu, X. Y. and Han, T. F. and Chen, Y. and Song, X. J. and Zhang, Y. H. and Tu, J.},
   title = {Evaluating metagenomics tools for genome binning with real metagenomic datasets and CAMI datasets},
   journal = {BMC Bioinformatics},
   volume = {21},
   number = {1},
   pages = {334},
   ISSN = {1471-2105 (Electronic)
1471-2105 (Linking)},
   DOI = {10.1186/s12859-020-03667-3},
   url = {https://www.ncbi.nlm.nih.gov/pubmed/32723290},
   year = {2020},
   type = {Journal Article}
}

@article{RN176,
   author = {Zhang, C. and Wang, J. and Hanspers, K. and Xu, D. and Chen, L. and Pico, A. R.},
   title = {NOA: a cytoscape plugin for network ontology analysis},
   journal = {Bioinformatics},
   volume = {29},
   number = {16},
   pages = {2066-7},
   ISSN = {1367-4811 (Electronic)
1367-4803 (Linking)},
   DOI = {10.1093/bioinformatics/btt334},
   url = {https://www.ncbi.nlm.nih.gov/pubmed/23749961},
   year = {2013},
   type = {Journal Article}
}

@article{RN29,
   author = {Zhang, L. and Liu, C. and Dong, S.},
   title = {PipeMEM: A Framework to Speed Up BWA-MEM in Spark with Low Overhead},
   journal = {Genes (Basel)},
   volume = {10},
   number = {11},
   ISSN = {2073-4425 (Electronic)
2073-4425 (Linking)},
   DOI = {10.3390/genes10110886},
   url = {https://www.ncbi.nlm.nih.gov/pubmed/31689965},
   year = {2019},
   type = {Journal Article}
}

@article{RN2906,
   author = {Zhang, X. and Li, L. and Butcher, J. and Stintzi, A. and Figeys, D.},
   title = {Advancing functional and translational microbiome research using meta-omics approaches},
   journal = {Microbiome},
   volume = {7},
   number = {1},
   pages = {154},
   ISSN = {2049-2618 (Electronic)
2049-2618 (Linking)},
   DOI = {10.1186/s40168-019-0767-6},
   url = {https://www.ncbi.nlm.nih.gov/pubmed/31810497},
   year = {2019},
   type = {Journal Article}
}

@article{RN221,
   author = {Zheng, J. and Zhang, D. and Przytycki, P. F. and Zielinski, R. and Capala, J. and Przytycka, T. M.},
   title = {SimBoolNet--a Cytoscape plugin for dynamic simulation of signaling networks},
   journal = {Bioinformatics},
   volume = {26},
   number = {1},
   pages = {141-2},
   ISSN = {1367-4811 (Electronic)
1367-4803 (Linking)},
   DOI = {10.1093/bioinformatics/btp617},
   url = {https://www.ncbi.nlm.nih.gov/pubmed/19887508},
   year = {2010},
   type = {Journal Article}
}

@article{RN2915,
   author = {Zheng, Y. and Yu, J. and Liang, C. and Li, S. and Wen, X. and Li, Y.},
   title = {Characterization on gut microbiome of PCOS rats and its further design by shifts in high-fat diet and dihydrotestosterone induction in PCOS rats},
   journal = {Bioprocess Biosyst Eng},
   volume = {44},
   number = {5},
   pages = {953-964},
   ISSN = {1615-7605 (Electronic)
1615-7591 (Linking)},
   DOI = {10.1007/s00449-020-02320-w},
   url = {https://www.ncbi.nlm.nih.gov/pubmed/32157446},
   year = {2021},
   type = {Journal Article}
}

@article{RN2936,
   author = {Zhou, W. and Wang, Y. and Lin, J.},
   title = {Functional cloning and characterization of antibiotic resistance genes from the chicken gut microbiome},
   journal = {Appl Environ Microbiol},
   volume = {78},
   number = {8},
   pages = {3028-32},
   ISSN = {1098-5336 (Electronic)
0099-2240 (Linking)},
   DOI = {10.1128/AEM.06920-11},
   url = {https://www.ncbi.nlm.nih.gov/pubmed/22286984},
   year = {2012},
   type = {Journal Article}
}

@article{RN235,
   author = {Zinovyev, A. and Viara, E. and Calzone, L. and Barillot, E.},
   title = {BiNoM: a Cytoscape plugin for manipulating and analyzing biological networks},
   journal = {Bioinformatics},
   volume = {24},
   number = {6},
   pages = {876-7},
   ISSN = {1367-4811 (Electronic)
1367-4803 (Linking)},
   DOI = {10.1093/bioinformatics/btm553},
   url = {https://www.ncbi.nlm.nih.gov/pubmed/18024474},
   year = {2008},
   type = {Journal Article}
}

@article{RN2996,
   author = {Zuo, T. and Wong, S. H. and Lam, K. and Lui, R. and Cheung, K. and Tang, W. and Ching, J. Y. L. and Chan, P. K. S. and Chan, M. C. W. and Wu, J. C. Y. and Chan, F. K. L. and Yu, J. and Sung, J. J. Y. and Ng, S. C.},
   title = {Bacteriophage transfer during faecal microbiota transplantation in Clostridium difficile infection is associated with treatment outcome},
   journal = {Gut},
   volume = {67},
   number = {4},
   pages = {634-643},
   ISSN = {1468-3288 (Electronic)
0017-5749 (Linking)},
   DOI = {10.1136/gutjnl-2017-313952},
   url = {https://www.ncbi.nlm.nih.gov/pubmed/28539351},
   year = {2018},
   type = {Journal Article}
}

